4592 6559
1207 446 1588 513 REJESTRA
1634 447 2221 499 PonsxARBIEGo
2269 448 2607 499 H1chx1.
2663 458 2683 498 1
2701 457 2845 517 394·
3510 460 3621 518 191

432 644 588 707 item
636 666 762 729 pro
806 646 1107 711 clauibus
1153 648 1376 729 parvis
1423 659 1491 710 et
1535 648 1802 731 magnis
1849 649 1936 711 ad
1981 648 2157 710 idem
2206 648 2274 712 II
2322 669 2409 711 sc.
2459 649 2491 710 Ι
2538 670 2721 732 quar.

426 752 588 816 item
635 774 759 836 pro
805 754 1022 818 canali
1072 755 1250 819 dicta
1295 775 1520 839 rynna
1565 756 1652 819 ad
1700 757 1983 819 eandem
2033 755 2310 819 domum
2357 755 2853 821 reformandam
2900 758 3011 821 IX
3058 780 3159 843 gr.

429 860 586 925 item
633 882 757 944 pro
803 862 1280 928 emendacione
1327 864 1570 927 domus
1615 863 2014 945 carpentarii
2060 862 2093 925 Ι
2139 862 2284 926 fert.

428 970 588 1035 item
634 991 758 1053 pro
804 971 1168 1035 educcione
1213 970 1356 1033 funi
1401 973 1488 1033 de
1533 970 1677 1053 ipsa
1721 972 1925 1033 domo
1972 969 2075 1032 IV
2121 991 2211 1033 sc.

427 1078 584 1140 item
629 1076 915 1152 famulis
963 1078 1078 1161 qui
1124 1086 1512 1143 manserant
1557 1077 1879 1141 Cracouie
1925 1077 2100 1141 circa
2145 1079 2555 1153 thezaurum,
2612 1098 2773 1161 qum
2821 1080 2994 1143 dnus
3050 1080 3390 1145 Henricus
3435 1081 3625 1146 Schi-

427 1185 721 1249 dlouiam
767 1196 1138 1249 recesserat
1194 1186 1258 1267 ¹l2
1315 1206 1518 1249 marc,

640 1292 925 1358 Summa
969 1293 1226 1357 XXIV
1241 1294 1304 1375 ΙΙ,
1363 1314 1564 1357 marc,
1611 1292 1763 1373 X¹l2
1821 1312 1910 1355 sc.
1969 1294 2032 1373 ¹s2
2091 1313 2174 1376 gr

638 1402 810 1465 Item
855 1402 1072 1465 tribus
1116 1401 1629 1483 precedentibus
1692 1401 1929 1464 diebus
1991 1402 2167 1464 dnus
2232 1400 2573 1464 Henricus
2636 1400 2861 1464 iacens
2923 1403 2989 1465 in
3047 1402 3389 1479 Cracouia,
3454 1406 3625 1468 ordi-

425 1510 648 1571 nando
693 1508 872 1574 facta
918 1520 986 1573 et
1031 1508 1406 1573 necessaria
1451 1509 1566 1571 dni
1611 1508 1848 1591 Regis,
1895 1508 2219 1589 expendit
2263 1507 2296 1569 I
2346 1528 2545 1571 marc.
2592 1508 2659 1569 V
2706 1511 2854 1573 den.

423 1616 582 1679 item
629 1617 875 1679 nuncio
921 1617 1126 1681 misso
1173 1636 1328 1680 cum
1375 1617 1578 1679 literis
1625 1618 1713 1679 ad
1758 1617 1967 1679 dnum
2015 1616 2290 1699 Regem
2340 1616 2405 1678 in
2446 1614 2885 1681 Radoscht'cze
2921 1639 3043 1701 pro
3074 1620 3389 1702 expensis
3420 1620 3455 1683 Ι
3483 1619 3624 1684 fert.

637 1724 695 1788 F
697 1725 836 1788 eria
878 1724 982 1787 VI
1027 1724 1334 1808 sequenti
1380 1724 1607 1809 (15s5):
1656 1724 1811 1785 item
1862 1723 2015 1786 duci
2061 1721 2450 1807 Skrgelloni
2496 1724 2563 1786 in
2608 1725 2825 1806 primo
2879 1726 2980 1787 sui
3026 1726 3336 1809 ingressu
3382 1726 3624 1792 Craco-

425 1830 601 1895 uiam
647 1853 772 1916 pro
819 1833 1136 1916 expensis
1183 1835 1271 1897 ad
1317 1834 1707 1897 mandatum
1756 1832 1870 1895 dni
1919 1831 2141 1914 Regis
2187 1830 2333 1893 XII
2380 1851 2580 1894 marc,
2656 1838 2665 1846 '

422 1940 578 2003 item
624 1961 748 2023 pro
793 1941 962 2005 XLI
1009 1940 1185 2005 vlnis
1231 1941 1364 2005 tele
1411 1942 1632 2004 albate
1661 1940 1861 2003 misse
1897 1938 1964 2001 in
1995 1938 2261 2002 Nouam
2296 1938 2632 2001 ciuitatem
2671 1960 2794 2022 pro
2832 1942 3259 2015 mensalibus
3287 1952 3624 2007 manuter-

421 2048 566 2133 giis,
615 2048 919 2113 nasciclis
963 2050 1153 2136 Regi
1197 2049 1529 2131 parandiS,
1576 2049 1608 2110 Ι
1653 2048 1883 2110 vlnam
1929 2067 2050 2129 per
2095 2045 2195 2108 IV
2234 2066 2336 2130 gr.
2382 2066 2647 2110 summa
2691 2047 2850 2112 facit
2896 2048 2997 2111 III
3044 2070 3247 2114 marc.
3293 2050 3367 2112 X
3405 2071 3494 2115 se.

634 2156 714 2221 In
761 2156 992 2265 vigilia
1038 2158 1534 2223 Penthecosten
1583 2154 1765 2241 (6s6):
1832 2155 1992 2219 item
2057 2175 2181 2237 pro
2245 2154 2315 2216 II
2380 2154 2605 2219 barilis
2649 2156 2785 2218 vini
2852 2157 3045 2219 rubei
3109 2168 3176 2220 et
3220 2158 3355 2221 albi
3406 2159 3623 2223 missis

421 2265 556 2328 dno
593 2265 782 2350 Regi
827 2266 895 2328 in
941 2264 1388 2329 Wisszliciam
1436 2264 1538 2327 VI
1586 2284 1786 2328 mare.

419 2372 576 2435 item
624 2393 770 2455 pro
779 2394 1011 2459 auena
1057 2374 1362 2437 ordinata
1407 2393 1530 2455 pro
1570 2373 1774 2456 Rege
1812 2373 1899 2435 ad
1937 2370 2205 2434 Nouam
2235 2370 2573 2435 ciuitatem
2600 2380 2726 2454 pro
2746 2372 3208 2436 ‘cdnuencione
3236 2364 3388 2438 XX
3420 2368 3622 2439 marc.

419 2480 578 2543 item
625 2501 748 2563 pro
796 2481 865 2544 ΙΙ
909 2480 1241 2563 lapidibus
1288 2501 1533 2543 manne
1580 2479 1800 2543 missis
1842 2480 1998 2542 illuc
2045 2478 2256 2543 eciam
2305 2478 2415 2561 I¹l2
2474 2499 2677 2543 marc.

415 2587 576 2651 item
623 2609 746 2670 pro
793 2588 1094 2652 saccellis
1139 2608 1384 2651 manne
1432 2598 1499 2650 et
1543 2588 1764 2671 ryszio
1809 2586 1914 2650 III
1961 2607 2061 2672 gr.

415 2695 576 2758 item
626 2716 746 2780 pro
793 2696 944 2759 XX
990 2696 1164 2760 vlnis
1209 2715 1717 2781 poprangorurn
1763 2693 1980 2757 missis
2025 2694 2338 2758 illicidem
2384 2694 2472 2757 ad
2519 2694 2877 2757 tentorium
2923 2694 3274 2779 ligandum
3313 2695 3382 2757 V
3396 2697 3465 2779 Ἦ
3516 2717 3601 2782 gr

415 2802 578 2865 item
624 2824 747 2886 pro
793 2804 1216 2867 licuminibus
1264 2804 1480 2867 missis
1524 2802 1835 2866 illicidem
1875 2800 2012 2863 VII
2060 2821 2160 2885 gr.
2206 2801 2354 2865 XII
2400 2802 2550 2865 den.

415 2910 574 2973 item
619 2931 742 2993 pro
789 2912 822 2973 I
867 2932 1027 2975 coro
1073 2909 1284 2975 farine
1331 2911 1583 2973 triticee
1630 2911 1705 2972 X
1751 2931 1848 2994 gr.
1897 2920 1964 2971 et
2008 2930 2132 2992 pro
2179 2909 2309 2972 alio
2354 2908 2634 2994 siliginis
2680 2907 2785 2972 III
2832 2928 2931 2993 gr.
2993 2908 3140 2974 XII
3187 2912 3337 2976 den.
3402 2912 3619 2975 missis
3662 2962 3671 2969 .

413 3016 726 3081 illicidem
773 3020 909 3082 dno
957 3019 1162 3103 Regi,
1210 3039 1476 3082 summa
1521 3017 1703 3081 XIII
1752 3037 1850 3100 gr.
1899 3026 1968 3079 et
2004 3015 2151 3079 XII
2188 3017 2337 3079 den.

414 3124 574 3187 item
621 3146 744 3207 pro
789 3127 1087 3209 predicte
1134 3124 1362 3209 farene
1408 3126 1664 3190 triticee
1712 3134 1780 3187 et
1824 3124 2104 3208 siliginis
2151 3124 2363 3187 saccis
2410 3124 2514 3188 III
2560 3145 2659 3208 gr.

413 3231 573 3295 item
621 3254 744 3315 pro
789 3234 1106 3317 expensis
1150 3234 1529 3297 hominibus
1574 3234 1874 3316 predicta
1918 3232 2319 3296 ducentibus
2364 3231 2434 3294 II
2480 3252 2579 3315 gr.

412 3338 574 3404 item
622 3361 744 3424 pro
791 3342 1107 3424 expensis
1153 3341 1701 3406 vicethezaurarii
1746 3339 1938 3404 factis
1983 3341 2048 3402 in
2099 3339 2425 3404 Cracouia
2480 3340 2779 3415 iacendo,
2844 3342 3269 3424 expediendo
3332 3342 3618 3426 negocia

412 3447 529 3509 dni
574 3447 796 3533 Regis
841 3470 882 3511 a
926 3447 1311 3532 precedenti
1356 3450 1729 3531 septimana
1774 3449 1842 3511 II
1890 3468 2092 3512 mare.
2138 3447 2276 3511 VII
2292 3448 2355 3531 ΙΙ,
2414 3469 2505 3514 sc.
2552 3446 2659 3511 IX
2708 3450 2859 3513 den.

627 3555 910 3621 Summa
954 3555 1228 3621 XLVII
1275 3576 1476 3620 marc.
1522 3556 1587 3617 V
1635 3577 1723 3620 sc.
1771 3556 1915 3620 XII
1963 3558 2122 3621 den.
2718 3580 2726 3588 ·

625 3664 799 3728 Item
845 3665 1000 3728 duci
1045 3662 1438 3749 Skrgelloni
1483 3684 1605 3747 pro
1652 3664 1967 3747 expensis
2013 3664 2148 3727 suis
2194 3663 2342 3726 XII
2389 3683 2591 3727 mare.

625 3772 824 3835 Feria
869 3772 974 3835 III
1019 3773 1328 3855 sequenti
1375 3771 1558 3856 (9s6):
1607 3771 1768 3834 item
1816 3792 1940 3854 pro
1987 3772 2268 3837 ceruisia
2314 3769 2847 3854 Sweydniciensi
2892 3772 3095 3835 mi'ssa
3134 3773 3271 3835 dno
3318 3773 3506 3857 Regi
3551 3773 3617 3837 in

409 3879 678 3943 Nouam
725 3880 1062 3944 ciuitatem
1111 3880 1144 3943 I
1190 3900 1392 3944 marc.
1440 3880 1509 3943 II
1556 3901 1654 3964 gr.

407 3987 568 4050 item
615 4007 738 4069 pro
784 3988 1204 4071 inportatura
1250 3988 1547 4063 ceruisie,
1593 3987 1732 4050 vini
1779 3989 1866 4050 ad
1913 4008 2181 4051 currum
2231 3987 2300 4049 II
2349 4007 2449 4072 gr.

408 4095 567 4158 item
613 4116 738 4177 pro
783 4095 1208 4159 licuminibus
1255 4094 1470 4159 missis
1517 4098 1652 4158 dno
1700 4095 1889 4180 Regi
1934 4095 2180 4159 ibidem
2226 4094 2365 4158 VII
2413 4116 2503 4159 se.

408 4203 568 4266 item
615 4224 738 4285 pro
785 4201 972 4266 vitris
1017 4202 1237 4267 missis
1282 4202 1494 4266 eciam
1542 4203 1790 4266 ibidem
1839 4204 1974 4267 dno
2023 4203 2211 4288 Regi
2257 4203 2334 4265 X
2380 4222 2482 4287 gr.

410 4310 569 4375 item
614 4331 739 4394 pro
784 4311 854 4374 11
899 4310 1079 4374 sellis
1125 4331 1249 4394 pro
1295 4310 1518 4395 Rege,
1567 4331 1866 4394 cupcone
1912 4312 2087 4373 bene
2134 4320 2378 4374 ornato
2424 4310 2854 4384 circumdatO,
2919 4311 3006 4374 ad
3062 4312 3453 4376 mandatum
3501 4312 3615 4375 dni

409 4419 630 4503 Regis
673 4419 708 4482 I
753 4439 954 4483 marc.
1000 4417 1182 4484 XVI
1227 4439 1316 4482 se.

408 4526 568 4590 item
615 4548 738 4610 pro
785 4527 1158 4609 attinenciis
1207 4528 1293 4590 ad
1338 4528 1611 4590 easdem
1660 4527 1860 4589 sellas
1906 4526 1938 4588 I
1985 4547 2184 4589 marc.
2233 4526 2413 4589 XIV
2460 4546 2549 4589 se.

406 4634 566 4697 item
611 4655 736 4717 pro
783 4635 1239 4699 conuencione
1286 4636 1571 4697 duorum
1619 4654 1951 4709 curruum,
2017 4634 2084 4696 in
2132 4634 2375 4717 quibus
2423 4632 2720 4709 ceruisia‚
2788 4632 3019 4695 vinum
3085 4640 3153 4694 et
3208 4632 3337 4694 alia
3384 4652 3612 4696 neces-

408 4742 582 4805 saria
627 4744 764 4805 dno
809 4742 1000 4827 Regi
1045 4744 1466 4805 ducebantur
1512 4742 1580 4804 in
1627 4740 1917 4805 Korczin
1965 4742 1998 4805 Ι
2043 4762 2246 4805 marc.
2293 4740 2363 4803 V
2408 4760 2497 4803 se.

408 4850 566 4913 item
615 4849 779 4913 feria
825 4848 927 4911 IV
973 4860 1128 4933 post
1171 4849 1665 4912 Penthecosten
1715 4848 1916 4935 (1os6)
1965 4870 2087 4931 pro
2133 4849 2451 4931 expensis
2497 4848 2686 4911 ducis
2733 4846 3156 4930 Skrgellonis
3202 4848 3289 4909 ad
3337 4847 3611 4909 manda·

407 4968 552 5020 tum
597 4958 715 5020 dni
759 4957 980 5041 Regis
1027 4957 1206 5019 XIII
1253 4978 1456 5021 marc.

405 5064 566 5127 item
613 5085 738 5146 pro
783 5064 1100 5146 expensis
1143 5063 1687 5129 vicethezaurarii
1751 5064 1835 5126 de
1899 5062 2284 5145 precedenti
2348 5062 2721 5144 septimana
2784 5062 2850 5124 in
2917 5060 3243 5125 Cracouia
3310 5062 3342 5123 Ι
3408 5080 3609 5125 mare.

405 5171 581 5235 VIII
625 5192 718 5235 se.

621 5279 827 5343 Festo
874 5280 981 5342 die
1027 5278 1369 5344 Trinitatis
1416 5280 1644 5363 (14s6):
1709 5278 1869 5341 item
1935 5299 2056 5359 pro
2104 5278 2559 5341 conuencione
2606 5298 2858 5352 curruS,
2923 5277 2989 5340 in
3058 5298 3193 5359 quo
3260 5276 3492 5340 vinum
3538 5276 3607 5340 in

405 5388 674 5451 Nouam
722 5387 1060 5451 ciuitatem
1108 5388 1477 5451 ducebatur
1533 5386 1595 5467 ¹1¹2
1654 5406 1888 5470 sexag.

618 5494 860 5558 Tereia
903 5494 1071 5558 feria
1113 5494 1416 5577 sequenti
1467 5493 1694 5578 (16s6):
1741 5494 1900 5557 item
1948 5513 2071 5575 pro
2117 5492 2331 5554 serico
2379 5494 2467 5555 ad
2512 5492 2822 5575 cingulos
2869 5492 3090 5575 Regis
3136 5490 3247 5553 IX
3294 5512 3383 5553 sc,

403 5602 568 5666 item
613 5622 737 5685 pro
785 5602 1030 5666 axibus
1074 5603 1162 5665 ad
1207 5622 1442 5665 currus
1488 5601 1713 5684 Regis
1763 5602 1858 5664 IV
1909 5622 1996 5664 se.
2047 5601 2078 5663 I
2115 5620 2214 5684 gr.
