4592 6559
947 524 1329 587 REJESTRA
1378 521 1893 584 PoDRzEcrwA
1942 510 2602 573 KORCZYRSKIEGo.
2661 514 2841 588 1388.
3409 527 3485 587 77

504 723 622 786 Ad
670 744 904 787 cenam
953 726 1085 787 dne
1132 724 1403 807 Regine
1452 744 1603 787 cum
1650 744 1773 785 sua
1819 723 2001 787 curia
2046 724 2077 784 I
2125 744 2374 804 peccus
2411 734 2478 786 et
2515 724 2548 785 1
2588 743 2830 804 porcus
2867 722 3048 804 prius
3085 732 3338 803 empta;
3374 742 3496 802 pro

304 852 428 893 vno
474 839 764 893 castrato
811 829 878 891 II
925 840 1086 892 scot.
1134 830 1167 891 1
1214 841 1425 912 quart.
1474 851 1597 912 pro
1645 830 1710 891 II
1760 830 1941 892 aucis
1987 829 2090 891 111
2138 840 2355 911 quart.
2394 851 2516 911 pro
2555 830 2621 891 11
2660 830 2866 892 suillis
2903 830 2936 891 I
2974 839 3133 891 scot.
3171 849 3293 911 pro
3323 830 3496 891 lacte

304 948 365 1000 et
408 958 630 1000 crema
676 934 863 1022 1111βῖ
916 958 1012 1020 gr.
1061 958 1183 1018 pro
1230 938 1451 1000 butiro
1502 937 1600 999 III
1651 958 1749 1019 gr.
1815 958 1937 1018 pro
1986 935 2037 999 C
2087 936 2229 998 ouis
2292 937 2357 997 V
2407 946 2618 1018 quart.
2683 944 2804 1017 pro
2854 936 2995 999 XV
3044 938 3252 999 caseis
3307 934 3494 1021 1111βῖ

305 1065 394 1127 gr.
439 1065 560 1126 pro
607 1044 863 1106 cancris
910 1044 1012 1106 III
1060 1055 1274 1125 quart.
1322 1066 1445 1126 pro
1493 1045 1648 1107 albo
1696 1064 1869 1125 pane
1917 1045 1981 1105 in
2043 1042 2404 1127 Opatouecz
2442 1044 2544 1105 III
2582 1064 2681 1128 gr.
2727 1064 2850 1125 pro
2888 1043 3248 1106 luminibus
3283 1044 3498 1125 sepeis

303 1151 397 1212 III
444 1172 539 1234 gr.
588 1170 710 1231 pro
757 1150 860 1213 III
908 1151 1085 1213 vasis
1132 1151 1448 1214 cereuisie
1496 1151 1597 1213 III
1644 1150 1783 1213 fert.
1850 1172 1973 1233 pro
2020 1152 2171 1213 XX
2218 1152 2546 1213 mensuris
2595 1172 2807 1213 auene
2871 1152 3026 1213 XX
3088 1161 3247 1214 scot.
3313 1151 3499 1233 equis

303 1260 425 1320 dne
471 1258 762 1339 Regine.

506 1365 625 1427 Ad
671 1373 885 1427 totam
930 1366 1106 1427 diem
1157 1368 1291 1429 dno
1340 1368 1755 1448 piocuratori
1800 1388 1953 1429 cum
2002 1366 2249 1429 familia
2297 1368 2530 1428 castri:
2578 1387 2700 1448 pro
2736 1366 2838 1427 VI
2879 1365 3074 1446 pullis
3112 1376 3178 1427 et
3216 1364 3280 1426 II
3321 1365 3502 1426 aucis

302 1472 396 1533 111
444 1493 542 1555 gr.
589 1473 849 1535 lardum
899 1473 1081 1555 prius
1128 1484 1425 1556 emptum
1475 1486 1542 1535 et
1588 1474 1717 1536 alia
1764 1475 1990 1538 omnia
2047 1474 2356 1557 propria;
2421 1495 2544 1556 pro
2609 1494 2745 1535 vno
2809 1494 2970 1535 vase
3035 1472 3351 1535 cereuisie
3396 1470 3498 1533 VI

303 1588 455 1642 scot.
504 1598 626 1661 pro
674 1580 741 1641 II
788 1580 1118 1643 mensuris
1164 1602 1375 1643 auene
1424 1581 1491 1643 II
1539 1591 1700 1645 scot.
1748 1602 1871 1665 pro
1920 1582 2127 1663 equis.
2803 1588 2813 1595 ‘

506 1684 791 1749 Summa
834 1687 965 1749 diei
1010 1688 1093 1749 X·
1130 1708 1330 1751 marc,
1379 1688 1479 1752 III
1526 1688 1669 1759 fert.
1718 1690 1751 1751 1
1799 1710 1897 1772 gr.

508 1792 705 1857 Feria
750 1794 817 1855 II
866 1796 961 1875 (31
974 1794 1067 1877 s8)
1116 1797 1202 1857 ad
1249 1797 1599 1878 prandium
1650 1799 1781 1859 dne
1829 1797 2103 1879 Regine
2150 1797 2182 1858 I
2230 1816 2475 1878 peccus
2531 1805 2598 1857 et
2643 1796 2676 1858 I
2724 1816 2966 1877 porcus
3032 1796 3213 1877 prius
3276 1805 3501 1877 empta

303 1912 365 1964 et
406 1902 511 1965 hic
558 1913 658 1963 est
702 1900 855 1963 finis
903 1903 1012 1964 XI
1058 1922 1415 1985 peccorum
1465 1914 1532 1966 et
1578 1904 1713 1965 VII
1761 1924 2136 1986 porcorum,
2200 1904 2384 1985 prius
2449 1912 2862 1985 emptorum;
2929 1924 3050 1985 pro
3117 1903 3147 1964 1
3213 1911 3501 1965 castrato

302 2010 366 2071 II
402 2018 560 2074 scot.
608 2008 639 2070 1
689 2020 903 2090 quart.
951 2030 1075 2089 pro
1121 2010 1223 2071 III
1272 2011 1453 2072 aucis
1500 2011 1566 2072 V
1614 2024 1825 2093 quart.
1877 2032 1997 2092 pro
2044 2013 2310 2073 duobus
2357 2011 2562 2071 suillis
2609 2010 2675 2070 V
2715 2020 2926 2092 quart.
2973 2032 3096 2093 pro
3134 2010 3268 2073 XL
3303 2010 3502 2092 pullis

301 2116 396 2178 VI
444 2126 601 2178 scot.
651 2116 682 2177 1
730 2137 831 2199 gr.
877 2137 999 2197 pro
1048 2117 1325 2179 auiculis
1371 2116 1558 2203 1111βῖ
1610 2140 1710 2201 gr.
1757 2140 1880 2199 pro
1925 2119 2098 2180 lacte
2146 2129 2214 2179 et
2260 2116 2635 2179 crema‘III
2684 2138 2783 2200 gr.
2833 2118 2976 2180 XII
3014 2120 3239 2180 denar.
3287 2138 3409 2198 pro
3448 2116 3501 2179 C

301 2224 442 2285 ouis
486 2224 550 2283 V
601 2234 811 2305 quart.
859 2244 982 2306 pro
1028 2224 1249 2286 butiro
1296 2224 1363 2287 11
1410 2236 1571 2287 scot.
1619 2247 1740 2308 pro
1786 2226 1945 2307 piris
1995 2236 2059 2287 et
2108 2225 2388 2287 nucibus
2434 2224 2536 2286 III
2585 2235 2796 2306 quart.
2863 2246 2985 2308 pro
3051 2225 3152 2288 III
3211 2224 3502 2287 ceruisiis

301 2331 399 2393 III
444 2330 589 2393 fert.
636 2331 874 2413 pisum,
922 2332 1193 2394 mileum
1243 2342 1310 2393 et
1355 2333 1487 2394 alia
1533 2333 1716 2414 prius
1763 2343 2007 2415 empta.

509 2438 625 2501 Ad
672 2458 908 2501 cenam
956 2439 1088 2500 dne
1135 2439 1408 2521 Regine
1456 2460 1607 2501 cum
1658 2440 1908 2502 familia
1955 2440 2128 2503 eius:
2196 2460 2319 2522 pro
2387 2440 2418 2501 1
2483 2460 2762 2521 peccore
2818 2439 2925 2501 XI
2983 2448 3142 2502 scot.
3207 2440 3240 2501 I
3290 2450 3504 2521 quart.

298 2566 419 2628 pro
466 2546 497 2607 I
546 2555 833 2608 castrato
879 2545 946 2606 V
994 2567 1093 2629 gr.
1140 2567 1263 2629 pro
1311 2548 1574 2609 duobus
1620 2547 1829 2610 suillis
1876 2548 1941 2608 V
1990 2557 2204 2629 quart.
2270 2569 2396 2629 pro
2453 2548 2517 2609 II
2566 2547 2748 2609 aucis
2793 2546 2858 2606 V
2907 2557 3118 2627 quart.
3179 2564 3306 2627 pro
3373 2546 3506 2608 XL

298 2653 493 2734 pullis
542 2650 729 2737 VI¹J2
777 2664 939 2714 scot.
1001 2673 1125 2734 pro
1190 2654 1362 2716 lacte
1428 2664 1497 2717 et
1561 2675 1785 2716 crema
1832 2654 1899 2715 V
1948 2666 2160 2736 quart.
2226 2675 2350 2736 pro
2413 2654 2634 2716 butiro
2691 2654 2756 2713 V
2814 2674 2911 2736 gr.
2977 2675 3100 2734 pro
3147 2653 3199 2718 C
3248 2654 3393 2715 ouis
3437 2652 3503 2713 V

300 2772 509 2842 quart.
556 2780 679 2841 pro
726 2758 801 2822 X
848 2760 1057 2821 caseis
1103 2759 1170 2820 V
1218 2770 1430 2842 quart.
1478 2782 1602 2843 pro
1650 2762 1750 2824 III
1799 2762 1977 2824 vasis
2024 2762 2342 2825 cereuisie
2390 2763 2490 2824 III
2537 2761 2680 2823 fert.
2727 2782 2850 2842 pro
2887 2761 3247 2823 luminibus
3293 2760 3507 2841 sepeis

299 2868 398 2931 III
446 2887 545 2951 gr.
593 2886 717 2948 pro
762 2867 1086 2929 vnccione
1143 2888 1456 2931 curruum
1523 2879 1589 2931 et
1652 2869 2076 2950 lampadibus
2148 2868 2227 2955 1βῖ
2293 2870 2463 2951 lapis
2528 2869 2702 2950 sepi;
2777 2889 2899 2951 pro
2964 2868 3118 2930 XX
3179 2868 3507 2931 mensuris

300 2996 511 3037 auene
559 2974 711 3037 XX
754 2986 917 3037 scot.
965 2976 1154 3057 equis
1200 2978 1333 3039 dne
1380 2976 1671 3059 Regine.

513 3081 629 3144 Ad
674 3092 885 3145 totam
935 3082 1109 3159 diem
1159 3086 1295 3147 dno
1341 3085 1755 3166 procuratori
1804 3106 1955 3147 cum
2002 3084 2253 3148 familia
2292 3084 2524 3147 castri:
2573 3104 2695 3165 pro
2733 3082 2836 3144 VI
2873 3084 3072 3165 pullis
3109 3092 3174 3145 et
3214 3083 3278 3144 II
3327 3083 3509 3145 aucis

302 3188 490 3275 1111βῖ
539 3210 639 3272 gr.
686 3191 945 3252 lardum
993 3191 1177 3273 prius
1222 3201 1521 3271 emptum
1571 3203 1637 3252 et
1684 3192 1813 3254 alia
1858 3193 2163 3273 propria;
2232 3213 2355 3272 pro
2423 3201 2724 3253 assatura
2789 3190 3063 3271 porcina
3131 3190 3228 3251 III
3296 3200 3507 3271 quart.

298 3318 421 3379 pro
469 3297 535 3357 II
583 3298 912 3359 mensuris
959 3318 1171 3359 auene
1220 3299 1285 3360 II
1333 3308 1492 3360 scot.
1540 3298 1767 3361 fenum
1817 3300 2181 3382 proprium.

513 3403 796 3467 Summa
841 3404 971 3469 diei
1018 3404 1120 3465 IV
1168 3425 1367 3467 mare.
1416 3404 1597 3469 XIII
1644 3417 1806 3469 scot.
1854 3407 1885 3469 I
1934 3428 2034 3490 gr.
2083 3406 2182 3468 IV
2230 3408 2457 3469 denar.

512 3510 711 3574 Feria
757 3511 859 3573 III
908 3512 971 3573 in
1022 3512 1129 3575 die
1173 3512 1297 3575 scti
1343 3512 1566 3595 Egidii
1616 3514 2015 3576 confessoris
2062 3516 2113 3595 (ι
2126 3514 2221 3597 so)
2270 3514 2358 3575 ad
2404 3513 2757 3593 prandium
2819 3514 2951 3573 dne
3015 3510 3293 3594 Regine
3357 3531 3510 3573 cum

298 3640 421 3682 sua
467 3619 683 3681 curia:
732 3640 854 3699 pro
881 3640 1037 3680 ·vno
1083 3640 1363 3700 peccore
1411 3620 1755 3682 excoriato
1802 3621 1912 3683 IX
1960 3632 2119 3684 scot.
2168 3641 2291 3703 pro
2340 3620 2371 3682 I
2420 3629 2710 3681 castrato
2758 3619 2824 3679 V
2873 3640 2973 3703 gr.
3019 3639 3142 3699 pro
3189 3618 3324 3680 XL
3370 3620 3510 3700 pul-

299 3728 397 3790 lis.
426 3725 564 3791 VII
608 3735 770 3788 scot.
815 3747 939 3807 pro
986 3726 1052 3788 II
1100 3728 1359 3809 sugillis
1404 3726 1470 3787 V
1520 3738 1733 3809 quart.
1799 3749 1922 3809 pro
1970 3728 2037 3790 II
2086 3728 2271 3790 aucis
2318 3728 2348 3790 Ι
2397 3736 2556 3793 scot.
2621 3747 2744 3807 pro
2809 3727 2979 3788 lacte
3045 3736 3112 3787 et
3175 3745 3399 3789 crema
3444 3725 3511 3786 V

300 3844 515 3916 quart.
562 3853 685 3915 pro
731 3834 952 3895 butiro
1002 3833 1101 3894 III
1150 3854 1247 3916 gr.
1296 3853 1420 3914 pro
1467 3834 1519 3895 C
1569 3835 1713 3896 ouis
1762 3836 1860 3896 111
1910 3856 2009 3917 gr.
2056 3856 2179 3915 pro
2228 3835 2304 3897 X
2351 3833 2560 3896 caseis
2597 3834 2664 3894 V
2714 3844 2925 3915 quart.
2972 3855 3096 3915 pro
3143 3854 3306 3915 cepe
3343 3834 3376 3897 1
3414 3854 3513 3916 gr.

296 3961 423 4022 pro
470 3940 744 4002 auiculis
792 3941 892 4002 III
941 3950 1153 4022 quart.
1202 3960 1323 4022 pro
1370 3942 1582 4003 tribus
1628 3943 1807 4003 vasis
1856 3942 2173 4004 cereuisie
2212 3942 2312 4003 III
2351 3940 2496 4002 fert.
2545 3962 2666 4021 pro
2705 3940 3148 4003 sufferacione
3185 3960 3510 4023 equorum

297 4049 434 4111 dne
481 4048 753 4131 Regine
802 4047 903 4109 IV
949 4057 1111 4109 scot.
1156 4068 1281 4129 pro
1328 4048 1679 4110 ablucione
1726 4050 2256 4131 lyntheaminum
2308 4048 2340 4110 I
2387 4056 2549 4109 scot.
2596 4048 2752 4109 item
2802 4048 2836 4109 1
2883 4058 3122 4129 quarta
3187 4048 3327 4129 sepi
3391 4068 3513 4129 pro

296 4156 625 4217 vnccione
672 4175 986 4219 curruum
1035 4155 1385 4219 minorum.

517 4262 727 4325 Facto
771 4263 1053 4344 prandio
1100 4264 1235 4325 dna
1282 4264 1560 4346 Regina
1605 4284 1841 4325 versus
1888 4261 2382 4326 Sandomiriam
2431 4263 2771 4345 processit.

517 4369 635 4433 Ad
681 4380 891 4433 totam
939 4371 1115 4433 diem
1167 4371 1303 4432 dno
1350 4371 1763 4453 procuratori
1831 4382 1897 4433 et
1942 4371 2504 4453 viceprocuratori
2569 4392 2721 4432 cum
2787 4369 3035 4432 familia
3092 4372 3324 4432 castri:
3392 4391 3514 4451 pro

296 4476 403 4539 VI
451 4477 650 4557 pullis
696 4486 762 4539 et
808 4478 1119 4539 carnibus
1166 4478 1544 4540 recentibus
1590 4478 1655 4538 V
1706 4499 1803 4561 gr.
1853 4479 2135 4549 lardum,
2182 4477 2420 4560 pisum,
2467 4478 2739 4540 mileum
2786 4478 2967 4557 prius
3013 4487 3258 4558 empta,
3325 4477 3516 4557 panis

293 4592 365 4645 et
414 4584 693 4645 ceruisia
739 4585 821 4647 de
870 4585 1282 4657 molendinis,
1329 4606 1451 4666 pro
1498 4585 1565 4648 II
1613 4586 1941 4648 mensuris
1988 4607 2200 4648 auene
2246 4586 2314 4648 II
2363 4595 2522 4648 scot.
2571 4584 2792 4665 equis;
2869 4604 2992 4665 pro
3057 4584 3281 4645 diariis
3345 4583 3517 4645 infra

293 4700 511 4752 totam
559 4692 922 4753 stacionem
970 4692 1403 4773 prescriptam
1452 4714 1574 4775 pro
1620 4714 1795 4775 pane
1842 4693 2211 4756 XXXVII
2259 4713 2569 4755 mensure
2637 4691 2917 4773 siliginis
2981 4700 3048 4751 et
3100 4690 3296 4753 tritici
3343 4690 3515 4752 VIII

296 4818 615 4861 mensure
662 4800 1145 4880 expenderunt,
1193 4810 1479 4881 excepta
1514 4799 1746 4863 farena
1784 4802 2336 4863 molendinorum.

519 4904 802 4969 Summa
849 4906 980 4969 diei
1026 4906 1092 4967 II
1140 4927 1340 4969 mare.
1389 4907 1524 4969 VII
1573 4918 1731 4971 scot.

520 5013 715 5075 Feria
762 5012 859 5075 IV
911 5012 1067 5095 (2l9)
1116 5016 1203 5075 ad
1248 5024 1456 5076 totam
1506 5015 1681 5075 diem
1730 5016 1866 5076 dno
1911 5015 2327 5095 procuratori
2373 5026 2438 5075 et
2477 5013 3038 5095 viceprocuratori
3076 5033 3226 5073 cum
3267 5012 3518 5075 familia

295 5121 537 5183 castri:
585 5141 707 5202 pro
753 5120 1045 5201 piscibus
1091 5122 1468 5183 recentibus
1515 5121 1617 5184 III
1665 5132 1877 5203 quart.
1925 5142 2048 5202 pro
2094 5122 2322 5191 caseiS,
2371 5122 2515 5181 ouis
2562 5130 2628 5181 et
2674 5120 2894 5181 butiro
2941 5120 3006 5180 V
3054 5130 3268 5200 quart.
3327 5122 3516 5200 panis

296 5236 367 5289 et
418 5228 697 5291 ceruisia
743 5237 810 5289 et
847 5227 974 5289 alia
1012 5228 1235 5289 omnia
1272 5230 1565 5310 propria;
1605 5231 1792 5311 equis
1821 5228 2269 5310 procuratoris
2296 5249 2420 5309 pro
2451 5227 2515 5289 II
2549 5227 2877 5289 mensuris
2908 5246 3122 5289 auene
3151 5227 3218 5288 II
3250 5238 3409 5290 scot.
3430 5264 3516 5273 —

294 5334 589 5399 Summa
634 5335 765 5398 diei
810 5334 948 5396 IIII
993 5344 1154 5396 scot.

521 5442 577 5503 F
581 5442 717 5504 eria
763 5441 829 5502 V
878 5441 1034 5523 (3s9)
1084 5443 1171 5504 ad
1214 5452 1424 5505 totam
1472 5444 1648 5505 diem
1696 5444 1832 5505 dno
1878 5442 2291 5523 procuratori
2338 5452 2406 5504 et
2449 5440 3012 5523 viceprocuratori
3071 5462 3220 5503 cum
3271 5441 3519 5505 familia

296 5550 539 5612 castri:
587 5569 709 5629 pro
755 5549 858 5611 VI
904 5549 1103 5630 pullis
1149 5558 1216 5611 et
1262 5559 1563 5612 assatura
1608 5549 1883 5631 porcina
1926 5548 1995 5610 V
2042 5570 2141 5632 gr.
2190 5570 2314 5632 pro
2362 5550 2673 5611 carnibus
2719 5548 3092 5611 castratiuis
3147 5549 3248 5611 III
3307 5560 3518 5632 quart.

521 5657 732 5719 Facto
777 5656 1058 5738 prandio
1104 5657 1277 5718 dnus
1341 5667 1730 5739 procurator
1796 5677 2031 5719 versus
2091 5655 2350 5719 Lublz'n
2415 5659 2502 5720 ad
2565 5659 2774 5719 dnum
2842 5656 3115 5741 Regem
3179 5657 3519 5737 processit,
