4592 6559
918 488 1300 553 REJESTRA
1346 487 1861 551 PODsz-gcTwA
1912 485 2598 537 mEPotoMsmEGo.
2657 478 2838 552 1389‚
2897 477 3078 552 1388.
3573 492 3604 552 7

628 686 913 753 Summa
958 687 1110 773 dieij
1158 708 1377 752 auene
1425 688 1457 750 Ι
1504 689 1767 751 chorus,

624 796 821 859 Feria
868 796 1072 859 tercia
1120 795 1322 883 (2611)
1369 795 1936 878 viceprocuratori
1982 816 2139 859 cum
2184 794 2436 859 familia
2491 796 2577 859 ad
2623 804 2836 859 totam
2884 795 3098 858 diem:
3145 813 3383 857 carnes
3427 794 3612 876 prius

410 914 653 986 empte,
698 905 925 966 caules
972 913 1041 967 et
1086 904 1217 966 alia
1263 904 1487 967 omnia
1532 904 1818 987 propria,
1864 904 2055 986 panis
2103 912 2171 967 et
2218 903 2500 967 ceruisia
2545 904 2631 965 de
2669 902 3085 967 molendinis
3133 901 3346 985 Equis
3385 902 3416 963 I
3455 904 3612 966 cho-

410 1032 525 1075 rus
572 1032 801 1075 auene.

624 1118 820 1181 Feria
863 1127 1105 1201 quarta
1154 1119 1356 1203 (27s1)
1404 1119 1969 1201 viceprocuratori
2006 1138 2168 1181 'cum
2215 1118 2464 1181 familia
2531 1119 2618 1181 ad
2663 1128 2877 1181 totam
2942 1118 3155 1181 diem:
3221 1138 3345 1199 pro
3391 1118 3610 1180 alleci-

410 1226 535 1288 bus
582 1237 650 1288 et
694 1226 919 1288 butiro
967 1225 998 1287 1
1045 1236 1207 1289 scot.
1254 1226 1465 1308 panis
1512 1226 1793 1289 ceruisia
1840 1236 1909 1288 et
1953 1226 2084 1289 alia
2130 1226 2356 1288 omnia
2417 1225 2690 1289 fuerunt
2736 1225 3020 1307 propria.
3113 1224 3326 1306 Equis
3375 1224 3406 1287 Ι
3454 1227 3610 1287 cho-

406 1353 521 1395 rus
568 1353 800 1397 auene.

620 1438 907 1505 Summa
952 1440 1102 1525 dieij
1152 1441 1185 1503 I
1232 1452 1394 1504 scot.
1444 1462 1659 1504 auene
1707 1441 1737 1504 Ι
1786 1443 2048 1505 chorus

622 1548 819 1610 Feria
864 1547 1100 1631 quinta
1148 1548 1287 1631 (28s
1297 1550 1348 1630 1)
1397 1550 1485 1613 ad
1520 1558 1733 1611 totam
1782 1549 1959 1611 diem
1998 1548 2565 1630 viceprocuratori
2613 1569 2766 1612 cum
2815 1548 3098 1611 familia:
3146 1568 3382 1610 carnes
3426 1549 3611 1630 prius

407 1665 650 1737 empte,
696 1656 935 1737 pisum,
980 1655 1273 1731 mileum,
1320 1657 1547 1719 caules
1593 1656 1878 1739 propria,
1942 1656 2133 1737 panis
2180 1665 2249 1719 et
2315 1656 2596 1719 ceruisia
2659 1657 2745 1719 de
2811 1655 3228 1719 molendinis,
3318 1654 3532 1737 Equis
3579 1655 3610 1717 I

407 1763 652 1825 chorus
700 1783 934 1826 auene.

622 1870 817 1933 Feria
862 1880 1061 1934 sexta
1108 1871 1248 1955 (29s
1258 1873 1309 1951 1)
1357 1872 1920 1953 viceprocuratori
1968 1890 2121 1934 cum
2170 1870 2422 1934 familia
2467 1872 2554 1933 ad
2593 1870 2985 1953 prandium:
3032 1870 3271 1952 pisum,
3319 1870 3612 1945 mileum,

406 1978 650 2053 caules,
678 1999 974 2061 papauer
1002 1978 1270 2043 fuerunt
1299 1980 1584 2061 propria,
1612 1980 1803 2061 panis
1834 1990 1901 2043 et
1929 1979 2213 2041 ceruisia
2241 1981 2326 2041 de
2357 1978 2772 2041 molendinis,
2803 1976 3015 2061 Equis
3047 1977 3074 2038 Ι
3099 1978 3344 2041 chorus
3374 1998 3606 2042 auene.

618 2084 901 2149 Summa
946 2086 1097 2170 dieij
1148 2088 1239 2167 (s).

618 2194 921 2257 sabbato
969 2193 1108 2277 (3os
1122 2196 1169 2275 1)
1218 2194 1781 2276 vicoprocuratori
1830 2214 1983 2256 cum
2034 2193 2281 2257 familia
2329 2194 2416 2255 ad
2463 2202 2673 2255 totam
2723 2193 2938 2257 diem:
3005 2213 3128 2273 pro
3175 2193 3496 2256 allecibus
3543 2202 3610 2254 et

402 2299 625 2362 butiro
673 2300 704 2363 Ι
751 2314 913 2364 scot.
961 2312 1029 2363 et
1076 2302 1204 2363 alia
1250 2301 1521 2364 fuerunt
1568 2302 1853 2383 propria,
1918 2302 2109 2383 panis
2176 2312 2244 2363 et
2311 2300 2590 2362 ceruisia
2655 2302 2740 2363 de
2807 2300 3223 2363 molendinis.
3317 2299 3528 2382 Equis
3577 2300 3605 2361 l

409 2408 656 2471 chorus
703 2429 935 2473 auene.

617 2515 901 2579 Summa
945 2516 1095 2601 dioij
1144 2515 1177 2577 Ι
1224 2526 1386 2579 scot.
1436 2536 1651 2579 aucne
1700 2516 1727 2577 Ι
1778 2517 2041 2579 chorus

616 2624 899 2687 Summa
944 2623 1316 2705 septimane
1368 2622 1447 2710 ¹s2
1497 2645 1698 2687 mare.
1748 2624 1779 2685 Ι
1827 2645 1927 2709 gr.
1974 2644 2191 2687 auene
2237 2622 2374 2686 VII
2423 2624 2626 2687 chori.

616 2731 972 2795 Dominica
1018 2732 1328 2795 Adorate
1373 2732 1595 2795 Deum
1644 2732 2043 2795 secundario
2090 2730 2374 2814 repetita
2423 2732 2624 2813 (31s1)
2683 2731 3247 2813 viceprocuratori
3314 2752 3464 2795 cum
3515 2730 3608 2795 fa-

404 2838 584 2901 milia
630 2839 716 2902 ad
760 2848 972 2901 totam
1021 2840 1465 2922 septimanam
1512 2860 1635 2921 pro
1682 2851 1937 2902 castro:
2004 2859 2127 2920 pro
2176 2858 2312 2901 uno
2375 2858 2582 2919 porco
2649 2838 2807 2901 viuo
2855 2838 2929 2900 X
2976 2848 3138 2901 scot.
3205 2840 3444 2921 pisum,
3493 2840 3609 2901 mi-

402 2946 603 3029 leum,
632 2947 859 3009 caules
888 2956 957 3009 et
985 2947 1113 3009 alia
1144 2946 1367 3009 omnia
1395 2946 1681 3029 propria,
1710 2945 1921 3029 panis,
1948 2945 2231 3009 ceruisia
2260 2947 2345 3009 de
2369 2945 2782 3009 molendinis,
2813 2946 3026 3028 Equis
3055 2945 3088 3010 I
3108 2947 3353 3009 chorus
3376 2962 3607 3011 auene.

616 3052 899 3135 Summa
943 3054 1094 3138 dieij
1144 3054 1219 3117 X
1264 3068 1427 3118 scot.
1475 3074 1690 3117 auene
1738 3054 1769 3115 I
1817 3056 2079 3117 chorus,

614 3160 813 3223 Feria
857 3163 1155 3225 secunda
1199 3161 1267 3223 in
1315 3161 1547 3246 vigilia
1612 3158 2111 3224 Purificacionis
2176 3170 2409 3224 sancte
2479 3160 2694 3223 Marie
2758 3160 3038 3245 virginis
3103 3160 3398 3245 gloriose
3448 3162 3606 3245 (1s2)

402 3266 965 3349 viceprocuratori
1012 3289 1165 3332 eum
1211 3268 1461 3332 familia
1508 3268 1741 3332 castri:
1788 3289 1911 3351 pro
1958 3269 2280 3332 allecibus
2327 3269 2360 3330 Ι
2399 3278 2562 3332 scot.
2607 3288 2905 3350 papauer
2943 3279 3010 3331 et
3047 3270 3274 3331 caules
3321 3270 3606 3351 propria,

397 3375 590 3457 panis
638 3387 707 3438 et
752 3376 1035 3439 ceruisia
1080 3377 1165 3440 de
1214 3376 1631 3439 molendinis
1677 3375 1890 3459 Equis
1937 3376 1970 3439 I
2017 3377 2199 3439 chor.
2248 3396 2482 3439 auene.

614 3480 900 3547 Summa
945 3484 1095 3569 dieij
1144 3483 1177 3546 I
1224 3493 1387 3547 scot.
1436 3504 1653 3547 auene
1700 3483 1733 3545 I
1781 3484 2041 3547 chorus.

614 3590 671 3653 F
674 3592 812 3654 eria
856 3591 1063 3654 tercia
1109 3592 1216 3655 die
1265 3588 1763 3654 Purificacionis
1810 3601 2043 3654 sancte
2089 3590 2305 3654 Marie
2346 3592 2503 3677 (2l2)
2543 3591 3108 3675 viceprocuratori
3156 3612 3311 3653 curn
3359 3589 3608 3655 familia

402 3698 487 3759 ad
532 3706 745 3761 totam
794 3699 1009 3763 diem:
1058 3719 1293 3761 carnes
1339 3698 1523 3780 prius
1570 3708 1814 3781 empte,
1860 3698 2071 3781 paniS,
2118 3700 2400 3762 ceruisia
2446 3709 2515 3761 et
2559 3701 2805 3773 cauleS,
2871 3698 3095 3761 omnia
3141 3698 3412 3763 fuerunt
3455 3719 3608 3781 pro-

398 3804 559 3885 pria.
607 3804 821 3888 Equis
868 3805 900 3867 Ι
948 3807 1192 3869 chorus
1240 3826 1472 3869 auene.

614 3911 897 3977 Summa
943 3913 1094 3998 dieij
1142 3932 1358 3976 auene
1403 3912 1437 3975 I
1483 3914 1746 3977 chorus,

1824 4160 2188 4257 (1388).

1034 4325 1501 4387 quentas-ium
1547 4325 1615 4385 in
1663 4323 2312 4403 viceprocuracione
2361 4322 2968 4403 Nepolomiciensi,

402 4457 471 4510 et
514 4446 731 4530 primo
776 4448 843 4510 in
892 4458 1145 4511 castro:
1194 4448 1479 4531 scrophe
1525 4448 1683 4522 VII,
1728 4458 1999 4511 centurn
2040 4448 2392 4511 scutellule
2431 4457 2500 4509 et
2536 4446 2709 4509 VIII
2747 4450 2946 4511 aluea
2991 4446 3241 4532 neczky,
3283 4445 3486 4532 thyne
3521 4446 3606 4511 V.

615 4555 695 4618 In
742 4553 1121 4619 Pirzchow:
1165 4557 1379 4619 boves
1425 4555 1545 4630 VI,
1592 4576 1808 4639 equus
1852 4555 1887 4618 I
1936 4566 2004 4619 et
2051 4555 2083 4617 Ι
2130 4556 2525 4629 iumentum,
2571 4574 2780 4617 vacce
2819 4556 2970 4628 due,
3017 4556 3154 4618 duo
3199 4554 3390 4617 vituli
3447 4555 3605 4617 anni

402 4663 731 4744 presentis
778 4672 847 4725 et
892 4662 924 4724 Ι
971 4663 1223 4727 vitulus
1285 4663 1599 4745 preteriti,
1664 4683 1957 4745 capones
2014 4662 2271 4737 XLVI,
2337 4682 2629 4744 capones
2695 4661 2850 4724 anni
2915 4662 3245 4743 presentis
3309 4661 3606 4735 iuueneS‚

399 4769 564 4850 pulli
612 4769 669 4831 L
714 4768 1081 4844 domestici,
1128 4790 1295 4833 auce
1342 4769 1451 4831 IX
1498 4780 1567 4832 et
1613 4781 1883 4832 centum
1932 4770 2204 4852 capecia
2252 4790 2487 4844 auene,
2553 4768 2834 4855 siliginis
2901 4768 3034 4831 LX
3099 4768 3369 4851 capecia
3416 4779 3607 4831 erant

402 4877 734 4940 conducte
780 4876 845 4939 in
896 4877 1160 4940 allodio.

615 4984 691 5047 In
738 4982 1049 5048 Sedlecz:
1112 4986 1325 5047 boues
1383 4984 1519 5048 IIII
1584 4995 1654 5047 et
1698 4984 1807 5047 IX
1855 4985 2141 5065 scrophe
2188 5003 2602 5057 communeS,
2658 4983 2822 5066 pulli
2867 4983 3097 5046 XXX
3143 4982 3492 5049 domestici
3537 4993 3607 5046 et

400 5088 735 5155 frumenta
783 5112 916 5153 non
966 5102 1174 5166 erant,
1221 5112 1377 5155 ecce
1425 5094 1491 5173 (Ρ)
1540 5092 1883 5175 quomodo
1929 5091 2015 5154 de
2060 5091 2203 5155 istis
2267 5091 2463 5154 bonis
2511 5090 2772 5175 allodijs
2819 5090 3018 5154 castri
3066 5090 3252 5175 Regi
3301 5090 3604 5173 pertinet.

614 5198 720 5261 De
768 5220 946 5261 anno
992 5209 1301 5263 octaqu.

613 5304 753 5368 Ista
797 5314 956 5371 sunt
1000 5306 1276 5371 inuenta
1320 5307 1387 5368 in
1435 5305 2053 5387 viceprocuratione
2100 5304 2602 5387 Nepolomiensi
2648 5325 2771 5387 per
2825 5305 3172 5369 dominum
3239 5304 3602 5368 Cristinum

398 5422 725 5477 rectorem
776 5414 1056 5477 ecclesie
1104 5413 1577 5479 Czchouiensis
1622 5434 1742 5496 per
1790 5414 1861 5494 (s)
1910 5411 2446 5496 resignacionem
2513 5412 2766 5475 domini
2833 5412 3052 5485 Pelce,
3117 5423 3404 5495 protunc
3450 5433 3601 5495 pro-

398 5520 723 5585 curatoris
770 5519 1233 5585 Cracouiensis
1278 5532 1455 5585 terre
1502 5520 1855 5605 generalis

610 5628 838 5690 Primo
884 5628 949 5690 in
998 5629 1245 5692 allodio
1290 5629 1355 5691 in
1404 5626 1735 5691 Pirzclzow
1756 5650 1781 5689 .·
1844 5626 1977 5689 LX
2039 5627 2312 5709 capecia
2379 5626 2659 5710 siliginis
2723 5628 2810 5689 de
2875 5646 3115 5708 campo
3185 5639 3376 5691 erant
3440 5648 3603 5689 con-
