4592 6559
1017 467 1142 543 296
1408 476 1790 540 REJESTRA
1838 476 2106 540 STACYJ
2151 477 2445 528 DwoRu
2492 463 2765 528 KRoLA
2809 478 2837 526 1
2884 464 3325 544 KROLOWEJ.
3381 487 3402 528 1
3417 486 3563 545 404,
3622 487 3642 528 ι
3658 485 3804 546 405·

1224 679 1396 742 Item
1443 678 1786 742 Ruthenis
1832 699 1986 742 cum
2033 678 2309 743 Polonis
2354 698 2555 760 super
2600 677 2807 742 diaria
2850 678 3183 760 ipsorum:
3248 679 3409 742 item
3456 699 3579 762 pro
3643 679 3939 762 piscibus
3984 700 4213 744 recen-

1013 787 1193 850 tibus
1240 784 1453 848 XVII
1467 785 1529 867 112
1587 786 1774 860 scoti,
1838 786 1998 849 item
2063 806 2185 868 pro
2247 785 2507 849 cancris
2551 785 2619 846 V
2666 786 2853 860 scoti,
2915 784 3073 849 item
3140 807 3265 869 pro
3310 787 3380 849 II
3425 806 3663 872 sexag.
3706 786 4035 871 stracfusz
4078 785 4215 849 VII

1014 893 1199 967 scoti,
1243 893 1402 955 item
1449 914 1572 975 pro
1620 892 1688 955 II
1735 894 2110 957 octualibus
2155 893 2431 957 ceruisie
2477 892 2622 956 XII
2668 894 2855 956 scoti.

1228 1000 1400 1062 Item
1444 999 1811 1063 falconistis
1858 1020 2013 1063 cum
2057 1000 2431 1084 hospitibus
2496 1002 2583 1064 de
2630 999 2960 1064 Moszkwa
3004 1022 3206 1084 super
3250 1002 3459 1066 diaria
3504 1002 3839 1087 ipsorum:
3884 1003 4049 1067 item
4094 1021 4217 1084 pro

1016 1107 1311 1190 piscibus
1357 1107 1738 1171 recentibus
1784 1107 1928 1171 XII
1944 1108 2008 1188 ¹l2
2065 1109 2253 1183 scoti,
2297 1129 2422 1192 pro
2468 1109 2506 1170 I
2547 1128 2786 1192 sexag.
2831 1108 3161 1193 stracfmz
3204 1109 3308 1172 III
3354 1111 3541 1186 scoti,
3586 1110 3761 1176 ioem
3794 1130 3916 1193 pro
3962 1107 4220 1173 cancris

1019 1215 1086 1276 V
1134 1236 1231 1300 gr.
1277 1215 1436 1278 item
1483 1235 1607 1297 pro
1653 1215 1720 1277 II
1769 1216 2146 1279 octualibus
2191 1216 2469 1279 ceruisie
2516 1215 2661 1278 XII
2708 1216 2893 1290 scoti,
2958 1217 3117 1334 item
3164 1237 3289 1300 pro
3334 1217 3565 1282 XXX
3610 1218 3809 1302 pullis
3853 1237 4057 1299 super
4098 1215 4219 1278 fal-

1019 1342 1222 1385 cones
1268 1321 1484 1404 V111s2
1542 1321 1728 1386 scoti.

1232 1430 1406 1492 Item
1453 1429 1590 1492 dno
1639 1429 1827 1513 Regi
1874 1436 2028 1493 cum
2093 1431 2228 1492 dna
2274 1430 2553 1512 Regina
2600 1432 2687 1494 ad
2732 1433 2969 1494 horam
3036 1451 3235 1494 cene·
3222 1481 3236 1494 .
3300 1433 3457 1495 item
3521 1452 3647 1515 pro
3695 1432 3796 1495 III
3844 1430 4221 1496 octualibus

1020 1536 1298 1602 ceruisie
1343 1536 1594 1599 XVIII
1641 1535 1826 1600 scoti.

1233 1643 1520 1708 Summa
1567 1643 1742 1707 diete
1789 1643 1900 1706 XI
1939 1664 2100 1708 mar.
2147 1643 2255 1707 IX
2306 1665 2407 1729 gr.

1235 1752 1406 1815 Item
1454 1752 1738 1814 sabbato
1787 1751 1989 1834 (26s7)
2036 1752 2172 1813 dno
2220 1752 2408 1833 Regi
2455 1753 2542 1815 ad
2587 1751 2941 1834 prandium
3008 1753 3073 1815 in
3122 1754 3412 1818 crastino
3458 1775 3508 1816 s.
3552 1753 3823 1835 Jacobi:
3888 1753 4049 1816 item
4096 1771 4222 1834 pro

1021 1860 1313 1943 piscibus
1358 1858 1738 1922 recentibus
1784 1857 1970 1921 XXI
2016 1858 2202 1930 scoti,
2267 1859 2429 1922 item
2494 1879 2617 1941 pro
2682 1859 2748 1922 ΙΙ
2797 1861 3018 1923 choris
3082 1881 3479 1925 cancrorum
3526 1861 3594 1922 V
3639 1861 3827 1934 scoti,
3891 1860 4053 1923 item
4098 1879 4223 1941 pro

1019 1967 1236 2030 VIIIC
1284 1985 1606 2040 oworum,
1671 1965 2021 2048 quodlibet
2067 1975 2337 2028 eentum
2394 1986 2515 2048 per
2560 1966 2663 2029 III
2711 1988 2809 2050 gr.
2856 1967 3001 2030 XII
3049 1989 3141 2032 se.
3206 1968 3365 2032 item
3414 1989 3535 2051 pro
3580 1969 3647 2031 II
3694 1989 3935 2051 sexag.
3997 1986 4223 2029 caseo-

1019 2095 1188 2150 rum,
1234 2074 1530 2156 quelibet
1574 2093 1809 2155 sexag.
1856 2094 1976 2155 per
2020 2071 2122 2134 VI
2168 2093 2258 2135 sc.
2298 2072 2441 2135 XII
2480 2093 2569 2136 se.
2615 2073 2775 2137 item
2822 2095 2944 2156 pro
3013 2076 3113 2138 IV
3163 2077 3311 2139 ollis
3376 2076 3575 2139 butiri
3639 2075 3751 2138 IX
3812 2074 4000 2149 scoti,
4064 2074 4223 2136 item

1022 2203 1146 2266 pro
1193 2182 1224 2244 I
1271 2201 1507 2266 sexag.
1551 2179 1882 2264 stracfusz
1926 2179 2027 2242 IV
2074 2181 2258 2254 scoti,
2306 2181 2461 2242 item
2511 2201 2634 2262 pro
2684 2180 2747 2240 V
2797 2182 3173 2246 octualibus
3218 2183 3513 2258 cernisie,
3563 2182 3917 2266 quodlibet
3962 2181 4226 2244 octuale

1023 2310 1146 2372 per
1191 2287 1294 2351 VI
1340 2298 1502 2351 scot.
1548 2287 1581 2349 I
1627 2307 1788 2351 mar.
1833 2287 1937 2348 VI
1983 2288 2170 2351 scoti.

1238 2396 1412 2460 Item
1459 2399 1592 2458 dne
1637 2393 1912 2479 Regine
1977 2396 2065 2458 ad
2109 2395 2499 2478 prandium:
2565 2396 2725 2458 item
2791 2417 2916 2478 pro
2978 2397 3273 2478 piscibus
3337 2397 3716 2461 recentibus
3758 2396 3907 2460 XV
3920 2395 3985 2477 ¹l2
4040 2394 4225 2467 scoti,

1021 2504 1183 2568 item
1249 2524 1373 2586 pro
1438 2502 1584 2564 VIC
1631 2522 1955 2576 oworum,
2019 2503 2369 2584 quodlibet
2434 2511 2709 2566 centum
2771 2524 2895 2587 per
2958 2504 3062 2567 III
3109 2525 3211 2589 gr.
3258 2505 3369 2567 IX
3414 2525 3506 2568 sc.
3568 2505 3727 2567 item
3793 2525 3917 2586 pro
3961 2502 4031 2565 II
4078 2501 4226 2564 ollis

1023 2611 1226 2675 butiri
1270 2610 1373 2672 VI
1389 2610 1450 2692 11,ἲ
1508 2609 1693 2683 scoti,
1739 2609 1898 2672 item
1945 2629 2068 2692 pro
2116 2609 2147 2672 Ι
2193 2630 2429 2694 sexag.
2478 2629 2826 2674 caseorum
2864 2611 2965 2674 VI
3013 2612 3197 2686 scoti,
3243 2613 3403 2675 item
3450 2633 3572 2694 pro
3610 2610 3868 2676 cancris
3902 2609 4006 2673 IV
4042 2608 4229 2682 scoti,

1024 2720 1184 2783 item
1231 2739 1355 2802 pro
1400 2717 1557 2801 piris
1605 2727 1673 2780 et
1718 2716 1970 2781 cerusis
2017 2716 2120 2779 III
2165 2717 2350 2792 scoti,
2417 2717 2575 2779 item
2622 2738 2745 2800 pro
2790 2720 2967 2782 lacte
3014 2729 3082 2782 et
3127 2740 3355 2783 crema
3400 2719 3502 2782 VI
3549 2720 3734 2792 scoti,
3779 2719 3941 2782 item
3988 2737 4113 2800 pro
4160 2715 4227 2778 II

1026 2826 1402 2889 octualibus
1449 2825 1749 2899 ceruisie‚
1798 2824 2148 2906 quodlibet
2195 2825 2461 2888 octuale
2506 2845 2628 2907 per
2672 2825 2772 2887 VI
2820 2847 2910 2889 sc,
2957 2826 3103 2888 XII
3147 2847 3239 2891 sc.

1241 2933 1411 2996 Item
1478 2933 1716 2995 eodem
1784 2931 1892 2995 die
1965 2932 2140 2995 dnus
2213 2932 2379 2995 Rex
2451 2941 2606 3014 post
2678 2933 3033 3014 prandium
3105 2935 3383 2998 recessit
3445 2935 3511 2998 in
3578 2932 4077 2998 Scarbimiriam
4144 2932 4231 2994 ad

1028 3049 1316 3106 noctem.

1139 3169 1144 3176 ·
1242 3146 1524 3214 Summa
1569 3147 1748 3210 diete
1794 3145 1895 3208 VI
1945 3167 2106 3210 mar.
2155 3147 2261 3210 XI
2310 3146 2494 3210 scoti.

1243 3256 1416 3319 Item
1464 3264 1824 3337 apparatus
1871 3275 2073 3336 super
2117 3254 2484 3318 stacionem
2532 3254 2837 3335 superius
2902 3255 3252 3337 scriptam:
3316 3254 3476 3319 item
3522 3275 3647 3338 pro
3693 3255 3805 3318 XI
3850 3275 4089 3338 sexag.
4134 3253 4229 3316 ol-

1028 3363 1261 3437 larum,
1310 3363 1605 3445 quelibet
1639 3382 1760 3445 per
1797 3361 1900 3425 IV
1937 3382 2036 3446 gr.
2075 3361 2233 3425 facit
2279 3372 2381 3424 tot
2426 3361 2650 3424 XXII
2697 3362 2880 3436 scoti,
2928 3363 3087 3425 item
3133 3382 3255 3444 pro
3292 3362 3467 3426 VIII
3510 3383 3751 3447 sexag.
3795 3363 4227 3426 scutellarum

1026 3489 1150 3554 per
1195 3468 1263 3531 V
1310 3490 1409 3555 gr.
1456 3470 1828 3552 quamlibet
1883 3490 2119 3554 sexag.
2166 3468 2564 3551 recipiendO,
2613 3468 2763 3532 XX
2810 3469 2995 3544 scoti,
3058 3470 3218 3533 item
3266 3491 3388 3551 pro
3434 3469 3613 3534 XIV
3662 3469 3889 3545 alueis,
3954 3469 4232 3552 quilibet

1027 3579 1264 3641 alueus
1309 3597 1431 3658 per
1488 3577 1550 3658 ¹l2
1609 3597 1708 3661 gr.
1757 3577 1859 3639 III
1875 3579 1938 3657 11,Ξ
1996 3577 2178 3650 scoti,
2226 3577 2385 3639 item
2432 3596 2555 3658 pro
2604 3576 2703 3638 VI
2752 3576 2963 3640 doleis
3008 3577 3203 3641 dictis
3238 3576 3613 3662 pozz'cadky,
3662 3577 3941 3660 quilibet
3986 3596 4108 3659 per
4160 3574 4232 3636 II

1029 3705 1120 3756 sc.
1169 3684 1312 3746 XII
1358 3704 1446 3747 sc.
1493 3684 1652 3748 item
1703 3704 1826 3766 pro
1875 3683 2043 3746 VIII
2092 3683 2339 3758 cribris,
2388 3684 2738 3766 quodlibet
2784 3684 3074 3747 cribrum
3123 3704 3243 3766 per
3300 3685 3363 3764 ¹J2
3422 3705 3519 3768 gr.
3568 3685 3637 3748 ΙΙ
3681 3685 3864 3758 scoti,
3911 3685 4073 3748 item
4110 3702 4233 3764 pro

1038 3791 1133 3854 VI
1182 3792 1414 3855 cribris
1451 3791 1642 3854 dictis
1678 3789 1874 3862 sz‘tlza,
1923 3791 2270 3873 quodlibet
2307 3811 2428 3872 per
2466 3790 2533 3854 II
2572 3811 2660 3855 sc.
2700 3791 2801 3854 VI
2842 3791 3027 3864 scoti,
3075 3791 3233 3854 item
3282 3812 3404 3873 pro
3452 3791 3627 3854 VIII
3670 3790 3889 3866 thinis,
3934 3790 4233 3874 quelibet

1033 3899 1173 3962 tina
1217 3919 1339 3981 per
1384 3899 1416 3961 I
1465 3919 1565 3982 gr.
1613 3898 1714 3960 IV
1761 3898 1946 3972 scoti,
1993 3899 2152 3962 item
2201 3918 2325 3980 pro
2372 3898 2475 3961 III
2513 3919 2749 4042 sexag.
2799 3899 3184 3962 mutralium
3230 3919 3351 3981 per
3396 3899 3500 3962 III
3549 3920 3647 3984 gr.
3695 3899 4045 3981 quodlibet
4088 3918 4233 3960 mu-

1033 4007 1220 4080 trale,
1263 4005 1425 4069 facit
1468 4005 1579 4067 IX
1627 4025 1723 4088 gr.

1248 4111 1532 4176 Summa
1577 4111 1680 4174 III
1727 4132 1889 4175 mar.
1936 4113 2004 4174 II
2050 4113 2235 4176 scoti.

1250 4217 1536 4282 Summa
1581 4218 1896 4282 stacionis
1942 4218 2262 4281 LXXIX
2311 4239 2471 4283 mar.
2519 4219 2622 4283 III
2670 4240 2769 4303 gr.
2816 4219 2953 4282 VII
3000 4163 3149 4283 den.

2452 4465 2831 4566 (1405).

1253 4645 1426 4707 Item
1473 4644 1681 4708 stacio
1729 4644 1842 4707 dni
1889 4645 2112 4728 Regis
2158 4666 2311 4708 cum
2370 4646 2506 4708 dna
2552 4645 2829 4729 Regina
2874 4646 2939 4708 in
2986 4645 3051 4706 N
3054 4665 3185 4708 oua
3250 4645 3535 4720 ciuitate,
3582 4648 3856 4729 quando
3904 4655 4236 4714 venerunt

1039 4754 1324 4816 sabbato
1393 4751 1703 4835 proximo
1769 4761 1926 4814 ante
1991 4753 2393 4815 dominicam
2462 4752 2811 4816 Inuocauit
2877 4773 2985 4815 me
3034 4753 3191 4836 (713)
3239 4753 3367 4815 sub
3432 4773 3610 4816 anno
3666 4751 3939 4816 Domini
3984 4752 4235 4836 quint0‚

1041 4861 1217 4925 circa
1261 4859 1956 4941 viceprocuracionem
2005 4858 2119 4922 dni
2167 4858 2602 4943 Gronostagii
2647 4860 2911 4924 heredis
2956 4861 3041 4922 de
3087 4858 3409 4922 Busst'na.

1256 4967 1427 5028 Item
1473 4967 1610 5029 dno
1655 4966 1845 5050 Regi
1890 4967 1977 5029 ad
2023 4967 2415 5048 prandium:
2462 4966 2625 5030 item
2672 4987 2794 5050 pro
2842 4967 3131 5049 piscibus
3175 4967 3557 5029 recentibus
3601 4967 3669 5030 II
3708 4987 3867 5030 mar.
3912 4969 4076 5031 item
4112 4987 4236 5051 pro

1041 5074 1334 5158 piscibus
1378 5072 1568 5137 salsis
1615 5073 1793 5134 XVI
1840 5073 2024 5148 scoti,
2073 5073 2233 5136 item
2279 5094 2402 5156 pro
2459 5075 2613 5138 oleo
2659 5073 2761 5136 VI
2807 5073 2993 5146 scoti,
3057 5075 3215 5136 item
3280 5075 3520 5156 pisum.
3586 5075 3874 5149 mileum,
3941 5095 4237 5157 papauer

1043 5183 1170 5246 ista
1215 5181 1514 5264 propria;
1580 5180 1740 5243 item
1805 5180 1997 5262 panis
2063 5180 2258 5242 albus
2322 5190 2391 5243 et
2451 5181 2795 5265 siligineus
2858 5180 3198 5262 proprius;
3263 5181 3423 5242 item
3481 5181 3546 5241 V
3608 5181 3897 5245 octualia
3960 5183 4237 5246 ceruisie

1044 5288 1328 5372 propria.

1260 5395 1433 5457 Item
1479 5395 1612 5457 dne
1658 5395 1932 5478 Regine
1977 5396 2064 5457 ad
2110 5395 2499 5478 prandium:
2547 5396 2705 5459 item
2753 5415 2875 5478 pro
2923 5396 3215 5477 piscibus
3261 5395 3641 5459 recentibus
3689 5397 3801 5477 I¹l2
3858 5417 4021 5464 mar..
4075 5398 4235 5461 item

1047 5523 1170 5587 pro
1213 5502 1506 5586 piscibus
1552 5502 1812 5566 salsatis
1858 5501 2080 5582 X111f2
2139 5503 2321 5576 scoti,
2369 5503 2531 5566 item
2578 5523 2701 5586 pro
2748 5503 2897 5566 oleo
2947 5503 3046 5564 IV
3075 5504 3261 5576 scoti,
3307 5503 3465 5566 item
3512 5504 3747 5584 pisum,
3798 5504 4086 5580 mileum,
4126 5507 4237 5579 sal,

1047 5611 1174 5674 ista
1218 5610 1504 5697 propria,
1550 5609 1710 5672 item
1757 5608 1860 5672 III
1905 5611 2196 5671 octualia
2246 5611 2521 5672 ceruisie
2570 5610 2853 5694 propria.
