4592 6559
968 521 1108 579 226
1633 528 2012 594 REJESTRA
2058 528 2576 590 PODRzEcrwA
2624 516 3281 578 KonczvfirsKmGO.
3340 534 3521 594 1393.

979 729 1180 792 mileo
1217 729 1322 792 III
1369 740 1581 812 quart.
1628 750 1752 812 pro
1796 750 1961 812 cepe
2009 728 2146 793 VII
2194 731 2344 792 den.
2408 729 2599 810 panis
2662 728 2948 811 siliginei
2995 728 3095 790 IV
3142 749 3379 812 sexag.
3425 729 3704 811 proprie,
3770 727 4047 791 ceruisie
4110 727 4179 791 II

983 837 1270 901 octualia
1317 837 1600 920 propria,
1649 838 1839 920 equis
1885 838 2000 900 dni
2049 837 2268 920 Regis
2315 856 2437 921 pro
2483 837 2721 900 diurno
2768 856 2983 900 auene
3030 835 3140 899 IX
3186 857 3395 900 mens.
3442 835 3669 899 fenum
3738 846 3807 899 et
3870 837 4179 920 gramina

980 946 1263 1028 propria.

1192 1052 1349 1116 Dno
1396 1053 1810 1135 procuratori
1874 1062 1944 1115 et
2009 1053 2574 1134 viceprocuratori
2639 1071 2793 1116 cum
2858 1050 3108 1115 familia
3172 1072 3294 1115 sua
3358 1053 3445 1114 ad
3508 1061 3721 1116 totam
3776 1051 3991 1115 diem:
4057 1072 4177 1134 pro

981 1161 1275 1241 piscibus
1321 1161 1387 1222 II
1434 1161 1616 1235 scoti,
1665 1162 1906 1235 caules,
1955 1160 2246 1236 mileum,
2293 1160 2587 1223 butirum
2636 1170 2705 1222 et
2750 1160 2880 1222 alia
2924 1159 3210 1242 propria,
3256 1159 3449 1240 panis
3486 1168 3556 1222 et
3592 1159 3873 1222 ceruisia
3909 1160 3995 1222 de
4038 1179 4179 1222 mo-

978 1268 1281 1331 lendiniS.

1192 1373 1476 1439 Summa
1520 1375 1652 1439 diei
1697 1375 1766 1439 II
1811 1395 1972 1439 mar.
2018 1373 2196 1438 XIV
2243 1374 2413 1438 scoti
2457 1373 2602 1437 XV
2648 1375 2798 1438 den.

1195 1481 1478 1547 Summa
1523 1483 1895 1565 septimane
1941 1483 2092 1545 XX
2139 1503 2365 1546 marce
2412 1481 2591 1544 XVI
2636 1483 2801 1544 scoti
2849 1503 2949 1566 gr.
2996 1482 3062 1544 II
3110 1483 3259 1546 den.

1191 1590 1548 1654 Dominica
1592 1591 1782 1653 Deus
1826 1590 1893 1652 in
1941 1590 2340 1654 adiutorium
2381 1592 2585 1673 (31l8)
2624 1591 2760 1653 dno
2799 1590 2985 1674 Regi
3022 1591 3107 1652 ad
3147 1590 3528 1673 prandium:
3576 1609 3700 1673 pro
3736 1592 3917 1653 boue
3945 1588 4091 1652 XV
4104 1591 4165 1672 Ἴ,

977 1697 1160 1773 scoti,
1207 1719 1329 1781 pro
1377 1697 1584 1762 ariete
1629 1697 1729 1762 VI
1745 1699 1807 1778 ¹1‘2
1867 1719 1966 1782 gr.
2014 1719 2135 1782 pro
2175 1699 2242 1762 II
2287 1698 2551 1783 sugillis
2588 1698 2688 1762 III
2728 1719 2830 1782 gr.
2865 1718 2989 1781 pro
3018 1697 3086 1760 II
3123 1697 3307 1761 aucis
3334 1697 3481 1776 II¹l2
3521 1717 3621 1780 gr.
3661 1697 3829 1761 lardi
3864 1697 3933 1760 ΙΙ
3971 1717 4177 1780 perne

977 1807 1160 1888 prius
1205 1806 1428 1889 empti,
1474 1826 1597 1888 pro
1645 1805 1873 1869 XXX
1920 1806 2066 1870 ouis
2113 1806 2146 1869 I
2193 1815 2357 1870 scot.
2403 1826 2524 1890 pro
2572 1807 2647 1870 X
2693 1806 2904 1870 caseis
2951 1805 3095 1888 ΙΙἺ2
3137 1825 3234 1888 gr.
3282 1825 3405 1888 pro
3452 1805 3587 1868 olla
3624 1804 3821 1868 butiri
3860 1804 4039 1886 ΙΙΙἺ,Ξ
4081 1825 4178 1888 gr.

976 1935 1100 1997 pro
1148 1915 1318 1977 lacte
1365 1925 1434 1976 et
1480 1933 1704 1978 crema
1752 1913 1819 1976 II
1835 1914 1896 1995 ¹l2
1958 1935 2054 1998 gr.
2101 1934 2225 1995 pro
2273 1913 2571 1978 scutellis
2617 1913 2684 1975 II
2732 1933 2830 1998 gr.
2896 1934 3020 1996 pro
3066 1913 3215 1976 ollis
3261 1911 3363 1975 III
3412 1933 3511 1996 gr.
3577 1932 3699 1994 pro
3746 1912 3891 1994 piso
3938 1911 3971 1974 Ι
4017 1922 4179 1976 scot.

976 2041 1098 2104 pro
1145 2021 1345 2085 mileo
1391 2021 1493 2084 III
1541 2041 1638 2106 gr.
1685 2042 1808 2103 pro
1855 2021 2010 2085 albo
2057 2041 2232 2103 pane
2279 2021 2313 2084 Ι
2359 2030 2521 2084 scot.
2569 2021 2672 2084 III
2718 2021 2869 2084 den.
2914 2021 3106 2102 panis
3150 2019 3429 2104 siliginis
3466 2018 3568 2082 VI
3614 2039 3848 2103 sexag.
3894 2019 4177 2102 proprie,

977 2129 1256 2192 ceruisie
1302 2128 1371 2192 II
1417 2129 1705 2192 octualia
1750 2127 2033 2210 propria.

1189 2235 1309 2299 Ad
1355 2236 1862 2300 distribuciones
1909 2236 2309 2299 curiensium
2358 2236 2472 2300 dni
2518 2235 2772 2321 Regis:
2821 2257 2941 2319 pro
2988 2235 3021 2298 Ι
3068 2253 3277 2298 vacca
3321 2233 3431 2297 XI
3479 2253 3577 2318 gr.
3615 2253 3737 2315 pro
3774 2235 3917 2297 sale
3954 2231 3986 2296 I
4015 2247 4176 2298 scot.

977 2344 1166 2425 panis
1212 2342 1314 2407 VI
1363 2364 1599 2429 sexag.
1648 2343 1926 2425 proprie,
1975 2343 2252 2406 ceruisie
2298 2343 2334 2406 Ι
2381 2345 2645 2407 octuale
2691 2343 3052 2427 proprium.

1190 2451 1385 2514 Dnus
1433 2452 1596 2515 Rex
1643 2448 1820 2514 facto
1868 2452 2148 2533 prandio
2195 2449 2589 2515 Cracoviam
2642 2451 2981 2532 processit.

1188 2557 1770 2640 Viceprocuratori
1817 2578 1969 2621 cum
2017 2557 2267 2621 familia
2304 2560 2501 2622 castri
2538 2578 2800 2622 necnon
2839 2556 3141 2642 Malofey
3177 2557 3474 2631 Ruten0,
3520 2555 3824 2638 scriptori
3870 2557 3986 2620 dni
4032 2558 4173 2621 Re-

977 2666 1098 2750 gis,
1146 2667 1301 2750 quia
1349 2668 1801 2750 egrotabatur,
1848 2666 2220 2750 metquinto
2267 2668 2353 2729 ad
2400 2675 2609 2730 totam
2658 2665 3098 2748 septimanam
3155 2685 3278 2749 pro
3324 2663 3637 2728 carnibus
3682 2663 3785 2727 IV
3832 2675 3993 2727 scot.
4058 2684 4179 2746 pro

974 2775 1266 2857 piscibus
1310 2774 1413 2837 III
1460 2775 1645 2848 scoti,
1709 2795 1831 2856 pro
1877 2773 1910 2836 I
1957 2775 2219 2838 octuale
2266 2772 2545 2837 ceruisie
2591 2773 2728 2836 VII
2792 2773 2977 2848 scoti,
3040 2793 3163 2854 pro
3229 2771 3510 2835 mensali
3574 2772 3659 2834 ad
3726 2780 4019 2835 castrum
4078 2769 4179 2833 III

975 2883 1158 2957 scoti,
1204 2903 1327 2964 pro
1377 2882 1748 2946 manuterio
1795 2881 1828 2943 I
1874 2891 2036 2946 scot.
2085 2881 2294 2964 Equis
2342 2880 2792 2964 Malofeyonis
2839 2900 3052 2944 auene
3099 2879 3204 2943 ΙΙΙ
3242 2899 3451 2943 mens·
3497 2877 3807 2962 gramina
3844 2889 3913 2942 et
3948 2878 4175 2941 fenum

975 2991 1259 3072 propria.

1189 3095 1472 3160 Summa
1517 3097 1646 3160 diei
1693 3107 1759 3158 et
1803 3096 2178 3178 septimane
2223 3095 2291 3158 II
2339 3115 2541 3160 marc.
2588 3095 2699 3158 IX
2745 3095 2913 3159 scoti
2961 3093 3072 3157 XI
3119 3096 3268 3158 den.

1189 3203 1543 3268 Dominica
1589 3204 1884 3286 Respice
1929 3205 1995 3266 in
2045 3224 2154 3265 me
2203 3206 2260 3285 (3
2279 3204 2405 3289 1s8)
2444 3201 2485 3285 ¹)
2526 3202 3089 3286 viceprocuratori
3128 3221 3281 3264 curn
3319 3199 3570 3264 familia
3606 3201 3803 3264 castri
3840 3202 3927 3264 ad
3965 3211 4175 3264 totam

975 3311 1456 3393 septimanam:
1503 3313 1784 3386 lardum,
1831 3312 2071 3394 pisum,
2118 3311 2390 3373 mileum
2438 3319 2507 3374 et
2553 3310 2681 3373 alia
2725 3309 3027 3393 propria;
3092 3310 3238 3393 ipsa
3304 3317 3445 3371 tota
3500 3307 3873 3390 septimana
3920 3319 3987 3369 et
4029 3328 4177 3391 pre-

973 3419 1165 3480 terita
1211 3417 1548 3483 Stanislao
1595 3422 1839 3482 rectori
1887 3438 2213 3501 equorum
2261 3419 2378 3480 dni
2426 3418 2647 3501 Regis
2711 3437 2865 3481 cum
2932 3417 3075 3479 aliis
3139 3417 3350 3480 tribus
3414 3414 3709 3479 Rutenis
3770 3415 3838 3478 in
3899 3409 4178 3499 Zagoscz

972 3545 1096 3606 pro
1145 3527 1458 3608 expensis
1504 3527 1785 3590 duarum
1835 3525 2393 3607 septimanarum:
2458 3545 2581 3608 pro
2628 3525 2940 3588 carnibus
2986 3523 3054 3586 V
3100 3524 3283 3597 scoti,
3338 3544 3460 3605 pro
3506 3523 3801 3605 piscibus
3844 3521 3947 3586 IV
3993 3522 4177 3596 scoti,

973 3653 1096 3713 pro
1142 3633 1421 3698 ceruisia
1464 3632 1568 3696 VI
1615 3633 1799 3698 scoti.
1847 3671 1932 3680 —
1980 3632 2264 3698 Summa
2310 3632 2681 3715 septimane
2728 3631 2873 3694 XV
2919 3631 3101 3694 scoti.

1185 3741 1541 3805 Dominica
1586 3743 1938 3806 Protector
1983 3751 2210 3805 noster
2275 3741 2433 3824 (7s9)
2499 3739 3065 3822 viceprocuratori
3129 3757 3282 3802 cum
3347 3737 3659 3820 predictis
3722 3735 4025 3800 Lituanis
4088 3738 4174 3801 ad

972 3857 1182 3911 totam
1230 3850 1706 3931 septimanam:
1752 3851 2035 3921 lardum,
2081 3848 2317 3930 pisum,
2367 3848 2637 3911 mileum
2686 3857 2756 3910 et
2792 3847 2921 3910 alia
2956 3847 3243 3929 propria,
3288 3865 3411 3927 pro
3449 3846 3831 3910 recentibus
3860 3845 4173 3909 carnibus

971 3954 1036 4016 V
1083 3977 1182 4039 gr.
1229 3976 1351 4038 pro
1396 3957 1687 4037 piscibus
1734 3955 1802 4018 II
1847 3955 2029 4031 scoti,
2077 3977 2200 4038 pro
2248 3955 2527 4019 ceruisia
2575 3955 2675 4016 IV
2722 3955 2907 4028 scoti,
2954 3954 3147 4036 panis
3192 3955 3278 4018 de
3316 3954 3598 4036 propriis
3638 3953 4052 4016 molendinis
4088 3990 4169 3997 —-

972 4061 1255 4127 Summa
1301 4064 1671 4146 septimane
1717 4063 1890 4126 VIII
1935 4062 2104 4127 scoti
2151 4063 2184 4125 I
2232 4084 2329 4146 gr.

1183 4171 1537 4234 Dominica
1582 4171 1838 4234 Inclina
1886 4173 1936 4252 (1
1952 4171 2086 4255 4s9)
2134 4171 2199 4233 in
2251 4170 2531 4254 Zagoscz
2576 4169 2890 4252 predictis
2936 4169 3230 4233 Rutenis
3294 4169 3381 4232 ad
3435 4177 3644 4231 totam
3692 4167 4169 4250 septimanam:

967 4299 1089 4360 pro
1136 4279 1446 4342 carnibus
1493 4276 1558 4339 V
1607 4299 1706 4362 gr.
1751 4298 1874 4360 pro
1921 4279 2212 4360 piscibus
2257 4277 2326 4340 II
2373 4278 2541 4340 scoti
2588 4277 2619 4338 I
2665 4288 2881 4360 quart.
2926 4297 3049 4358 pro
3095 4275 3373 4340 ceruisia
3420 4275 3522 4338 IV
3566 4276 3755 4340 scoti.

1181 4385 1394 4468 Equis
1439 4385 1782 4470 regalibus
1829 4386 1894 4448 in
1947 4385 2228 4470 Zagoscz
2273 4405 2491 4449 auene
2538 4405 2581 4448 a
2624 4383 2956 4448 dominica
3002 4383 3189 4447 Deus
3254 4384 3320 4445 in
3379 4383 3779 4447 adiutorium
3828 4384 4183 4466 exclusiue

969 4514 1182 4576 usque
1225 4496 1356 4558 huc
1404 4494 1514 4556 IX
1562 4514 1768 4559 mens,
1817 4493 1848 4555 I
1897 4513 2092 4556 corus
2139 4493 2424 4577 proprie.

1181 4601 1462 4666 Summa
1506 4601 1876 4682 septimane
1924 4599 2095 4663 VIII
2141 4601 2311 4664 scoti
2358 4600 2462 4662 III
2508 4619 2691 4682 quar.

1182 4708 1535 4772 Dominica
1581 4709 1901 4772 Miserere
1949 4709 2006 4790 (2
2027 4729 2044 4769 1
2058 4707 2152 4791 s9)
2201 4706 2770 4790 viceprocuratori
2816 4725 2970 4770 cum
3012 4703 3266 4790 „familia
3314 4704 3512 4768 castri
3566 4705 3651 4766 ad
3708 4713 3919 4767 totam
3968 4704 4165 4788 septi-

965 4833 1270 4878 manam:
1315 4815 1596 4890 lardum,
1642 4814 1876 4898 pisum,
1925 4795 2216 4890 mileum,
2267 4816 2513 4888 caules,
2570 4815 2668 4877 sal
2715 4823 2783 4877 et
2828 4813 2957 4876 alia
3002 4811 3287 4895 propria,
3352 4811 3543 4893 panis
3606 4821 3674 4874 et
3738 4811 4018 4875 ceruisia
4078 4813 4166 4875 de

967 4923 1379 4986 molendinis

1179 5029 1372 5092 Feria
1417 5028 1486 5092 ΙΙ
1533 5031 1588 5112 (2
1602 5029 1732 5112 2l9)
1779 5051 1903 5112 pro
1949 5041 2275 5113 apparatu
2322 5031 2436 5093 dni
2484 5029 2704 5112 Regis
2749 5037 2818 5090 et
2863 5028 3006 5091 aliis
3045 5025 3441 5091 distributis:
3488 5045 3609 5108 pro
3658 5023 3761 5088 IV
3796 5045 4006 5090 mens,
4044 5027 4163 5089 hu·

965 5137 1126 5199 muli
1173 5139 1257 5200 ad
1307 5138 1728 5200 braxandum
1795 5147 2026 5218 potum
2090 5157 2215 5220 pro
2280 5137 2417 5200 dno
2482 5137 2704 5219 Rege,
2769 5134 2801 5196 I
2846 5155 3047 5198 mare.
3113 5154 3236 5216 pro
3290 5132 3393 5195 VI
3449 5153 3681 5216 sexag.
3748 5132 4030 5196 ollarum
4088 5132 4151 5214 ιβ,

965 5265 1206 5318 marca,
1253 5265 1376 5327 pro
1421 5243 1524 5307 IV
1571 5264 1804 5328 sexag.
1851 5244 2279 5308 scutellarum
2329 5241 2499 5306 VIII
2545 5242 2728 5316 scoti,
2793 5261 2915 5325 pro
2962 5262 3139 5324 equo
3185 5241 3557 5304 laboratiuo
3622 5242 3711 5304 ad
3756 5250 4048 5304 castrum
4097 5239 4163 5302 Π

962 5371 1162 5416 marc.
1210 5363 1278 5415 et
1321 5350 1424 5415 VI
1470 5352 1652 5426 scoti,
1700 5373 1823 5436 pro
1869 5351 2096 5417 tunica
2141 5351 2403 5414 Nicolai
2448 5350 2722 5414 rectoris
2768 5349 3032 5412 canium
3098 5349 3213 5412 dni
3260 5347 3481 5431 Regis
3536 5347 3647 5410 IX
3691 5367 3782 5411 sc.
3846 5367 3969 5430 pro
4033 5348 4163 5411 cal-

1177 5602 1214 5665 1)
1247 5605 1324 5652 Ta
1361 5603 1597 5652 niedziela
1635 5603 1650 5651 i
1687 5610 1926 5668 nastepne
1963 5611 2017 5652 az
2055 5605 2121 5652 do
2159 5603 2381 5652 niedzieli
2421 5602 2744 5667 adwentowej
2784 5601 3032 5666 pierwszej
3083 5617 3137 5660 sq
3187 5615 3361 5648 znowu
3410 5599 3608 5660 blednie
3644 5613 3927 5656 omnemne,
3980 5598 4160 5646 miano-

957 5693 1094 5743 wieie
1131 5709 1188 5756 sq
1221 5709 1252 5741 o
1283 5693 1434 5757 jedne
1473 5693 1751 5757 speinione.
