4592 6559
1010 469 1148 530 540
1367 465 1750 529 REJESTRA
1794 449 2226 526 wATRoBKI
2268 462 2929 524 WIELKORZADZCY
2974 461 3635 512 KRAKowsmGo.
3692 469 3873 528 14¹9·

1227 663 1552 746 Sequitur
1595 683 1766 726 cena
1812 663 2066 727 domini
2103 663 2327 746 Regis
2364 664 2473 726 die
2512 666 2786 726 eadem:
2833 663 2993 726 item
3040 683 3165 745 pro
3212 661 3505 744 piscibus
3550 661 3931 724 recentibus
3978 661 4219 744 vig-inti

1011 783 1177 835 scot.
1223 771 1382 834 item
1431 791 1556 854 pro
1621 771 1831 835 centis
1893 771 2060 834 owis
2128 770 2427 854 quinque
2475 792 2574 855 gr.
2640 770 2802 834 item
2869 791 2991 853 pro
3056 773 3249 845 lacte,
3311 789 3553 844 crema,
3608 768 3821 832 caseis
3864 767 4221 832 iuuenibus

1013 889 1154 942 tres
1198 888 1362 942 scot.
1408 877 1569 941 item
1617 899 1739 960 pro
1785 898 1927 941 sem
1935 878 2079 941 ellis
2125 889 2264 942 tres
2311 899 2411 962 gr.
2458 879 2617 941 item
2665 899 2874 941 vnum
2923 899 3047 941 vas
3092 878 3371 941 ceruisie
3418 897 3542 960 pro
3586 877 3801 940 tribus
3844 875 4221 940 fertonibus

1231 985 1418 1049 Cena
1462 985 1722 1050 iuuenis
1770 985 2077 1070 Regine:
2126 986 2286 1049 item
2336 1006 2459 1069 pro
2504 987 2797 1068 piscibus
2862 986 3259 1060 recentibus
3324 978 3627 1070 exceptis
3670 984 3967 1066 piscibus
4010 983 4220 1057 salsis,

1015 1093 1133 1177 qui
1177 1093 1244 1156 in
1291 1103 1618 1175 apparatu
1658 1093 2082 1168 videbuntur,
2119 1104 2256 1157 tres
2301 1092 2447 1157 fert.
2485 1094 2647 1157 item
2695 1113 2817 1176 pro
2868 1094 2900 1156 Ι
2916 1091 2978 1174 ¹l2
3018 1093 3231 1157 centis
3268 1113 3573 1156 oworum
3619 1091 3868 1173 V11111,
3910 1112 4013 1175 gr.
4058 1090 4221 1154 item

1017 1199 1197 1264 casei
1242 1211 1433 1264 erant
1479 1199 1742 1283 proprij‚
1791 1200 1953 1264 item
2001 1222 2124 1284 pro
2175 1201 2238 1284 ll,
2287 1222 2447 1266 coro
2484 1202 2642 1286 milij
2672 1200 2810 1263 IIII
2854 1221 2953 1285 gr.
3000 1200 3161 1264 item
3210 1219 3333 1282 pro
3378 1202 3570 1275 laete,
3618 1219 3844 1263 crema
3886 1209 4027 1262 tres
4059 1209 4221 1262 scot.

1016 1306 1179 1371 item
1225 1328 1350 1390 pro
1396 1306 1690 1370 semellis
1735 1306 2034 1391 quinque
2081 1328 2183 1393 gr.

1233 1412 1519 1479 Summa
1563 1413 1762 1478 huius
1808 1415 1941 1479 diei
1985 1416 2202 1479 sabati
2245 1415 2408 1480 facit
2452 1417 2900 1500 quadraginta
2946 1436 3109 1479 mar.
3156 1413 3338 1478 XIII
3382 1425 3545 1479 scot.

1237 1521 1596 1586 Dominico
1641 1521 1751 1586 die
1799 1523 1972 1606 (26s1
1995 1523 2046 1604 1)
2095 1524 2186 1586 ad
2231 1523 2590 1605 prandium
2654 1523 2909 1587 domini
2972 1522 3215 1607 Regis,
3279 1521 3529 1586 familia
3592 1522 3819 1585 omnia
3880 1522 4015 1584 iam
4061 1530 4225 1585 tunc

1020 1631 1397 1705 recedente,
1445 1630 1567 1693 sed
1614 1649 1850 1693 omnes
1895 1629 2194 1713 hospites
2239 1640 2308 1693 et
2354 1632 2562 1694 duces
2606 1651 2841 1694 secum
2898 1631 3359 1706 comederunt,
3404 1641 3475 1693 et
3519 1629 3832 1693 dominus
3877 1629 4043 1692 Rex
4086 1648 4227 1692 non

1020 1738 1223 1822 prius,
1270 1758 1476 1820 quam
1524 1737 1701 1800 circa
1744 1747 2012 1800 sextam
2076 1739 2313 1801 horam
2379 1740 2593 1802 noctis
2659 1738 2949 1802 recessit.
3040 1737 3212 1800 Item
3259 1758 3384 1820 pro
3430 1759 3569 1800 vno
3614 1737 3982 1800 incrassato
4028 1737 4227 1799 bowe

1025 1865 1186 1909 mar.
1234 1865 1389 1908 cum
1436 1843 1546 1907 IX
1592 1853 1753 1908 scot.
1818 1844 1980 1908 item
2027 1865 2149 1927 pro
2195 1864 2335 1908 vno
2380 1866 2587 1928 porco
2634 1846 2793 1909 viuo
2842 1866 3003 1908 mar.
3070 1844 3229 1908 item
3294 1865 3419 1928 pro
3484 1845 3751 1908 duobus
3796 1843 4107 1908 arietibus
4152 1845 4227 1925 (s)

1022 1953 1100 2016 X
1145 1961 1309 2016 scot.
1355 1952 1516 2015 item
1562 1972 1685 2034 pro
1733 1952 2122 2036 octuaginta
2170 1953 2385 2035 pullis,
2433 1953 2817 2036 recipiendo
2881 1952 3251 2036 quemlibet
3296 1972 3417 2034 per
3460 1953 3757 2035 quinque
3802 1953 4230 2035 quadrentoe,

1024 2058 1186 2124 facit
1228 2058 1297 2122 in
1343 2069 1487 2123 toto
1534 2079 1830 2122 marcam
1877 2079 2032 2123 cum
2081 2058 2343 2123 fertone
2390 2070 2458 2124 et
2502 2060 2572 2124 II
2618 2062 2936 2144 quadren.
2983 2060 3144 2124 item
3190 2080 3315 2142 pro
3353 2059 3498 2123 XII
3534 2059 3903 2142 caponibus
3946 2079 4070 2141 per
4103 2057 4214 2140 1¹1,

1027 2188 1128 2252 gr.
1175 2167 1418 2250 emptis
1464 2166 1575 2228 IX
1621 2176 1785 2230 scot.
1831 2167 1992 2230 item
2039 2188 2162 2250 pro
2208 2167 2354 2231 XII
2402 2168 2587 2232 aucis
2630 2169 2918 2250 receptis
2965 2188 3087 2251 per
3121 2187 3453 2253 grossum,
3499 2165 3688 2243 fert0,
3734 2165 3895 2230 item
3942 2177 4230 2249 quatuor

1026 2294 1274 2357 parnas
1321 2274 1624 2338 carnium
1670 2274 1757 2337 de
1801 2275 2054 2357 zuppiS,
2100 2275 2262 2338 item
2308 2297 2430 2358 pro
2479 2296 2615 2339 vna
2658 2295 2872 2359 parna
2915 2275 3086 2339 lardi
3147 2323 3417 2340 .....
3481 2272 3624 2337 XV
3671 2284 3833 2339 scot.
3896 2273 4059 2337 item
4106 2294 4231 2356 pro

1031 2383 1064 2445 I
1080 2383 1143 2465 ll,
1202 2403 1362 2446 coro
1408 2381 1534 2464 pisi
1581 2381 1792 2464 empti
1836 2403 1958 2464 per
2003 2382 2071 2445 V
2118 2402 2218 2467 gr.
2266 2382 2403 2445 VII
2417 2383 2481 2464 ¹l2
2541 2403 2642 2467 gr.
2708 2383 2866 2447 item
2932 2403 3057 2465 pro
3103 2404 3239 2446 vno
3287 2402 3448 2446 coro
3494 2382 3653 2465 milij
3704 2380 3877 2444 VIII
3924 2401 4025 2465 gr.
4069 2381 4231 2444 item

1029 2510 1155 2574 pro
1201 2490 1375 2553 lacte
1421 2501 1490 2551 et
1535 2509 1763 2553 crema
1827 2500 1898 2553 et
1961 2489 2317 2554 iuuenibus
2362 2490 2573 2554 caseis
2622 2491 2765 2553 XII
2810 2500 2973 2554 scot.
3039 2489 3197 2553 item
3262 2511 3386 2572 pro
3448 2510 3585 2552 vna
3647 2490 3781 2552 olla
3828 2487 4081 2552 arwine
4126 2486 4235 2550 sri-

1032 2606 1196 2661 xate
1242 2597 1318 2658 X
1363 2606 1526 2660 scot.
1573 2596 1734 2660 item
1781 2617 1904 2680 pro
1951 2598 2246 2661 semellis
2290 2597 2430 2661 VII
2476 2608 2641 2662 scot.
2706 2597 2863 2660 item
2914 2597 3213 2681 quinque
3256 2617 3426 2660 vasa
3470 2595 3751 2660 ceruisie
3796 2597 3882 2659 ad
3930 2615 4235 2658 mensam

1034 2704 1274 2788 Regis
1319 2724 1444 2768 vas
1489 2705 1840 2786 quodlibet
1883 2705 2268 2787 recipiendo
2317 2725 2438 2787 per
2485 2705 2589 2769 III
2634 2704 2780 2768 fert.
2827 2704 2987 2768 facit
3032 2704 3212 2786 III¹l2
3270 2725 3432 2769 mar.

1247 2810 1620 2874 Pistoribus
1665 2811 2040 2896 regalibus:
2087 2812 2248 2875 item
2294 2833 2419 2895 pro
2466 2811 2897 2896 noningentis
2924 2811 2963 2894 ι)
3021 2812 3206 2887 owiS,
3252 2812 3639 2895 recipiendo
3686 2811 4036 2894 quodlibet
4084 2830 4239 2872 oen-

1033 2930 1177 2984 tum
1223 2939 1347 3003 per
1391 2919 1460 2982 V
1507 2940 1606 3003 gr.
1650 2919 1715 2981 in
1784 2929 1930 2982 toto
1992 2918 2154 2982 facit
2199 2919 2387 2982 XXI
2401 2918 2465 3000 ¹l2
2523 2931 2686 2984 scot.
2753 2920 2910 2984 item
2978 2940 3101 3002 pro
3156 2920 3221 3001 ΙΙ,
3278 2940 3513 3005 sexag.
3578 2939 3929 2983 caseorum
3974 2927 4238 3000 septem

1035 3049 1136 3114 gr.
1181 3029 1343 3092 item
1389 3048 1514 3110 pro
1558 3027 1787 3110 butiry
1833 3037 2122 3111 quatuor
2189 3027 2353 3102 ollis
2420 3027 2803 3110 recipiendo
2851 3030 3021 3091 duas
3068 3047 3189 3110 per
3232 3027 3306 3090 X
3354 3049 3452 3111 gr.
3499 3037 3569 3090 et
3614 3027 3683 3090 H
3726 3044 3846 3110 per
3890 3045 4037 3101 sex,
4082 3024 4239 3088 facit

1035 3137 1104 3199 in
1150 3145 1296 3199 toto
1341 3134 1522 3198 XVI
1566 3144 1731 3199 scot.

1252 3242 1618 3306 Prandium
1682 3241 1790 3305 die
1855 3243 2094 3305 eadem
2159 3241 2422 3305 iuuenis
2487 3240 2763 3326 Regine
2826 3262 2962 3305 vna
3025 3262 3180 3306 cum
3244 3240 3513 3305 ducissa
3555 3251 3623 3304 et
3666 3240 3943 3306 domina
3988 3239 4239 3304 Manzi-

1037 3349 1245 3414 kowa
1291 3359 1360 3412 et
1405 3349 1644 3413 ceteris
1709 3348 1938 3412 multis
2001 3349 2421 3426 dominabuS,
2486 3370 2618 3434 que
2681 3359 2843 3413 tunc
2911 3349 3188 3414 fuerunt
3249 3349 3317 3413 in
3364 3346 3860 3434 Nyepolomz'cze
3878 3372 3903 3410 .·
3946 3349 4107 3411 item
4152 3348 4239 3410 ad

1041 3466 1258 3522 totam
1303 3457 1482 3521 diem
1530 3458 1688 3521 data
1731 3466 1892 3521 sunt
1955 3459 2091 3521 duo
2137 3478 2439 3540 peccora,
2503 3478 2713 3521 vnum
2778 3479 2901 3542 pro
2966 3478 3195 3521 marca
3258 3478 3413 3521 cum
3460 3477 3586 3520 sex
3634 3477 3731 3541 gr.
3778 3466 3846 3519 et
3892 3456 4073 3519 aliud
4116 3475 4241 3537 pro

1043 3564 1305 3628 III-bus
1349 3564 1496 3628 fert.
1543 3565 1612 3628 in
1657 3574 1802 3629 toto
1858 3563 2017 3629 facit
2080 3566 2250 3629 duas
2296 3585 2459 3630 mar.
2505 3566 2728 3630 minus
2790 3587 2915 3630 sex
2963 3585 3063 3651 gr.
3128 3565 3288 3629 item
3334 3586 3459 3648 pro
3506 3585 3643 3628 vno
3687 3583 3897 3647 porco
3942 3563 4102 3626 vivo
4144 3563 4242 3624 vi·

1044 3672 1215 3757 ginti
1261 3674 1397 3734 duo
1444 3671 1631 3734 scoti.
2796 3669 2803 3676 ’

1258 3779 1432 3842 Item
1477 3779 1615 3842 duo
1661 3778 1902 3843 arietes
1948 3778 2085 3843 viui
2130 3800 2255 3862 pro
2293 3779 2405 3843 IX
2442 3789 2603 3845 scot.
2651 3781 2811 3844 item
2856 3801 2980 3864 pro
3024 3781 3241 3845 tribus
3284 3779 3511 3864 parnis
3556 3778 3853 3842 carnium
3898 3778 4245 3852 salsorum,

1046 3886 1414 3969 quamlibet
1478 3885 1862 3969 recipiendo
1907 3908 2031 3971 per
2074 3887 2212 3950 VII
2258 3898 2421 3951 scot.
2486 3908 2713 3952 marca
2776 3889 2996 3952 minus
3042 3889 3144 3951 VI
3191 3908 3291 3972 gr.
3353 3889 3515 3951 item
3576 3907 3701 3969 pro
3747 3886 3780 3948 I
3794 3886 3858 3968 ΙΙ,
3915 3906 4076 3949 coro
4118 3885 4246 3967 pisi

1044 3993 1260 4075 V111s2
1318 4013 1418 4077 gr.
1465 3993 1626 4056 item
1669 4014 1793 4076 pro
1852 3995 1916 4077 ΙΙ,
1974 4015 2134 4057 coro
2181 3995 2339 4078 milij
2390 3994 2570 4058 XIII
2617 4015 2717 4080 gr.
2782 3996 2941 4059 item
2987 4017 3111 4079 pro
3173 4015 3302 4059 sex
3367 3994 3736 4078 caponibus
3780 3993 3893 4056 IX
3940 4014 4040 4077 gr.
4084 3993 4245 4056 item

1046 4122 1170 4184 pro
1217 4101 1608 4185 octuaginta
1651 4101 1852 4184 pullis
1897 4103 1984 4165 ad
2031 4102 2390 4185 prandium
2438 4112 2506 4165 et
2550 4104 2640 4165 ad
2686 4122 2927 4166 cenam
2974 4123 3135 4166 mar.
3184 4123 3338 4166 cum
3384 4101 3644 4165 fertone
3691 4112 3762 4165 et
3804 4101 3874 4164 H
3920 4102 4245 4184 quadren.

1045 4209 1205 4272 item
1251 4228 1374 4291 pro
1421 4208 1696 4272 simellis
1740 4207 1886 4272 fert.
1950 4209 2111 4272 item
2156 4229 2280 4293 pro
2329 4211 2520 4285 lacte,
2588 4230 2815 4273 crema
2880 4211 2966 4273 ad
3030 4209 3386 4292 prandium
3434 4219 3505 4273 et
3548 4209 3636 4272 ad
3683 4228 3921 4273 cenam
3969 4207 4037 4270 V
4082 4219 4247 4273 scot.

1046 4317 1208 4379 item
1253 4317 1390 4380 duo
1438 4335 1604 4379 vasa
1649 4316 1928 4379 ceruisie
1973 4336 2096 4398 pro
2141 4315 2353 4380 tribus
2400 4315 2543 4380 fert.
2592 4317 2625 4380 I
2640 4317 2702 4401 ΙΙ,
2762 4337 2927 4380 mar.

1259 4422 1547 4486 Ducisse
1593 4423 2042 4486 Tesschnensi
2088 4425 2178 4486 ad
2224 4425 2580 4505 prandium
2620 4435 2690 4487 et
2728 4424 2871 4487 eius
2917 4423 3197 4488 familie:
3243 4425 3407 4488 item
3444 4445 3566 4507 pro
3604 4443 3741 4486 vno
3776 4423 3981 4487 ariete
4018 4434 4249 4507 empto

1045 4551 1170 4613 pro
1217 4531 1466 4612 paratis
1512 4530 1624 4593 IX
1671 4551 1768 4614 gr.
1815 4531 1975 4592 item
2021 4550 2145 4612 pro
2193 4531 2338 4593 XII
2386 4532 2585 4613 pullis
2651 4533 2893 4614 emptis
2958 4552 3078 4614 per
3140 4533 3436 4615 quinque
3500 4532 3925 4614 quadrenteS,
3971 4530 4039 4593 V
4084 4542 4249 4594 scot.

1046 4638 1208 4702 item
1254 4656 1377 4721 pro
1423 4659 1561 4700 vno
1608 4638 1939 4721 quartuali
1987 4638 2286 4701 carnium
2336 4637 2509 4701 VIII
2557 4660 2657 4723 gr.
2704 4640 2863 4703 item
2912 4660 3034 4722 pro
3080 4639 3239 4722 pisis
3284 4649 3353 4702 et
3399 4639 3581 4702 milio
3618 4637 3685 4699 V
3732 4658 3831 4722 gr.
3876 4637 4039 4700 item
4086 4639 4247 4720 (pro)

1048 4745 1325 4808 simellis
1371 4744 1440 4807 II
1489 4766 1590 4829 gr.
1636 4745 1795 4808 item
1840 4766 1964 4827 pro
2012 4765 2148 4808 vno
2197 4767 2360 4810 vase
2405 4747 2687 4810 ceruisie
2732 4757 2869 4810 tres
2916 4746 3064 4810 fert.
3110 4746 3269 4810 item
3319 4766 3441 4829 pro
3486 4745 3699 4808 tribus
3744 4745 3927 4808 aucis
3965 4756 4107 4808 tres
4150 4766 4247 4829 gr.

1261 4851 1437 4916 Duci
1482 4852 1789 4916 Ianussio
1836 4852 2333 4917 Ratiboriensi:
2381 4854 2539 4918 item
2589 4855 2807 4917 eidem
2852 4875 2976 4937 pro
3025 4875 3161 4918 vno
3208 4854 3412 4917 ariete
3450 4854 3560 4916 IX
3598 4873 3699 4937 gr.
3744 4853 3905 4916 item
3942 4873 4067 4936 pro
4104 4853 4246 4915 XII

1048 4958 1246 5042 pullis
1293 4960 1536 5042 emptis
1590 4980 1712 5042 per
1757 4959 1822 5022 V
1873 4981 1974 5045 gr.
2021 4961 2088 5024 V
2134 4969 2296 5024 scot.
2362 4962 2522 5026 item
2590 4983 2709 5045 pro
2776 4957 2912 5025 ‘x'tno
2978 4962 3312 5044 quartuali
3376 4960 3673 5024 carnium
3722 4960 3895 5023 VIII
3942 4981 4044 5044 gr.
4088 4960 4247 5024 item

1051 5088 1174 5149 pro
1222 5088 1358 5130 vna
1401 5089 1616 5150 parna
1662 5069 1960 5131 carnium
2008 5069 2120 5131 IX
2165 5079 2329 5132 scot.
2392 5069 2554 5132 item
2601 5090 2724 5152 pro
2788 5070 2945 5153 pisis
2992 5080 3061 5132 et
3108 5069 3290 5132 milio
3336 5068 3405 5131 V
3452 5089 3553 5152 g-r.
3596 5069 3759 5131 item
3804 5087 3929 5150 pro
3974 5067 4247 5132 simellis

1050 5175 1118 5238 II
1165 5196 1266 5259 gr.
1313 5174 1474 5238 item
1519 5195 1646 5259 pro
1691 5195 1830 5238 vno
1877 5197 2041 5240 vase
2090 5176 2371 5240 ceruisie
2416 5186 2647 5258 empto
2693 5199 2817 5260 pro
2861 5177 3110 5260 paratis
3157 5186 3294 5239 tres
3340 5175 3654 5240 fertones.

1264 5283 1560 5346 Domino
1607 5283 1761 5345 duci
1807 5283 2125 5346 Kazkoni
2169 5285 2255 5346 ad
2303 5285 2693 5366 prandium:
2752 5285 2911 5347 item
2960 5285 3181 5348 eidem
3227 5286 3315 5347 ad
3362 5283 3717 5366 prandium
3765 5293 3833 5346 et
3876 5284 3967 5346 ad
4012 5303 4243 5346 cenam

1051 5390 1222 5453 aries
1267 5411 1388 5472 pro
1437 5389 1546 5452 IX
1592 5410 1692 5473 gr.
1739 5390 1901 5453 item
1949 5410 2072 5472 pro
2117 5390 2150 5452 I
2197 5391 2529 5474 quartuali
2576 5390 2873 5454 carnium
2911 5392 3021 5454 IX
3060 5413 3158 5476 gr.
3204 5393 3367 5455 item
3414 5412 3537 5476 pro
3583 5391 3727 5455 XII
3771 5391 3974 5474 pullis
4010 5389 4243 5473 emptis

1450 5543 1693 5550 ——--——

1267 5621 1304 5684 ¹)
1341 5623 1458 5672 Nad
1495 5629 1598 5688 tym
1637 5639 1879 5688 wyrazem
1915 5639 1948 5671 u
1983 5625 2102 5688 gory
2140 5624 2379 5672 drobnem
2416 5623 2626 5687 pismem
2664 5624 2939 5688 wypisano:
2978 5641 3159 5674 nouem
3195 5625 3360 5674 centis,
