4592 6559
1073 511 1196 572 552
1421 503 1797 570 REJESTRA
1844 488 2269 565 WAJROBKI
2320 501 2973 563 WIELKORZADZCY
3021 499 3682 554 KRAKowSKIEGo.
3742 507 3925 570 1420.

1073 719 1140 770 et
1188 727 1341 770 cum
1390 707 1662 770 domino
1709 707 2210 768 marschalcone
2257 703 2582 790 SbigneO.
2652 704 2823 767 Item
2872 724 2994 786 pro
3041 704 3332 785 piscibus
3378 704 3775 777 recentibus
3842 703 4000 786 quia
4046 704 4265 784 pisces

1074 819 1160 880 de
1223 815 1476 897 piscina
1539 815 1626 876 ad
1689 813 2058 876 stacionem
2127 811 2379 875 domini
2446 811 2667 894 Regis
2732 811 3075 892 expiscati,
3144 811 3251 891 1¹J2
3310 832 3472 875 mar.
3538 810 3699 874 item
3767 831 3887 893 pro
3933 809 4269 892 angwillis

1075 923 1283 996 salsis,
1330 924 1394 984 in
1443 920 1709 985 ciuitate
1757 919 2177 1001 comparatis
2217 918 2387 981 VIII
2428 929 2590 984 scot.
2635 919 2796 981 item
2846 938 2967 1000 pro
3015 919 3322 982 ducentis
3369 919 3535 982 owis
3564 927 3852 1000 quatuor
3898 927 4061 980 scot.
4105 916 4266 978 item

1059 1045 1198 1114 ‚pro
1257 1031 1318 1108 ¹l²
1375 1045 1543 1091 coro·
1585 1027 1740 1109 milij
1792 1026 1857 1087 V
1873 1027 1936 1107 ¹l2
1995 1047 2092 1111 gr.
2141 1027 2300 1090 item
2350 1028 2472 1099 lac,
2538 1045 2781 1098 crema,
2846 1025 3023 1088 casei
3090 1035 3279 1087 erant
3344 1027 3431 1088 de
3496 1025 3736 1099 alodi0‚
3784 1025 3942 1088 item
3996 1044 4119 1106 pro
4164 1043 4269 1084 se-

1077 1138 1293 1201 mellis
1339 1137 1426 1198 ad
1474 1145 1682 1198 totam
1733 1133 1910 1196 diem
1960 1144 2250 1214 quatuor
2295 1143 2459 1197 scot.
2508 1133 2667 1194 item
2715 1152 2837 1214 pro
2888 1141 3179 1214 quatuor
3216 1133 3593 1196 octualibus
3630 1132 3911 1195 ceruisie
3950 1131 4060 1211 1¹12,
4112 1150 4269 1194 mar.

1078 1247 1236 1309 item
1285 1263 1406 1326 pro
1451 1262 1650 1306 sacco
1694 1240 1906 1304 farine
1952 1242 2122 1312 albe,
2181 1260 2387 1320 quam
2434 1240 2745 1303 dominus
2793 1239 3112 1302 Nicolaus
3178 1239 3520 1302 Zakrattni
3584 1248 3743 1302 tunc
3791 1241 3874 1302 ad
3924 1239 4269 1302 dominum

1081 1354 1351 1436 Regem
1423 1347 1758 1414 Vszlz'cz'am
1807 1348 2170 1430 equitando
2216 1367 2445 1410 secum
2494 1347 2763 1428 recepit,
2810 1366 2971 1409 mar.
3019 1345 3120 1408 III
3168 1367 3267 1429 gr.

1293 1457 1575 1522 Summa
1619 1456 1815 1520 huius
1863 1464 2150 1538 quatuor
2196 1474 2417 1518 marce
2466 1454 2703 1538 viginti
2748 1453 2930 1517 scoti.

1295 1565 1615 1646 Sequitur
1659 1563 1869 1626 stacio
1916 1562 2163 1624 domini
2232 1561 2455 1646 Regis
2520 1559 2849 1624 venientis
2894 1562 2982 1624 ad
3040 1559 3513 1624 Proschowt'cze
3574 1559 3741 1624 feria
3804 1573 4003 1624 sexta
4065 1560 4134 1622 in
4182 1561 4273 1622 vi·

1082 1676 1242 1759 gilia
1287 1672 1468 1736 beati
1516 1669 1969 1734 Bartholomei
2019 1669 2220 1750 (23s8)
2268 1689 2447 1731 anno
2498 1667 2837 1731 vicesimo,

1295 1779 1468 1843 Item
1516 1799 1637 1860 pro
1683 1777 1976 1860 piscibus
2022 1776 2403 1839 recentibus
2442 1776 2527 1838 ad
2566 1775 2918 1857 prandium
2960 1784 3098 1838 tres
3138 1793 3301 1838 mar.
3338 1775 3496 1837 item
3538 1795 3660 1857 pro
3697 1776 4033 1858 angwillis
4068 1777 4274 1848 salsis,

1083 1889 1240 1973 quia
1285 1887 1537 1951 domini
1584 1905 1837 1958 omnes,
1895 1884 2008 1965 qui
2056 1903 2207 1946 cum
2260 1884 2465 1966 Rege
2514 1891 2854 1955 venerant,
2902 1883 3361 1955 comederunt,
3410 1881 3595 1943 XIX
3644 1892 3807 1945 scot.
3852 1882 4011 1944 item
4058 1883 4273 1964 pisum

1083 2008 1153 2060 et
1197 1994 1448 2058 milium
1499 2001 1689 2056 erant
1734 1993 1820 2054 de
1866 1990 2088 2054 alodio
2133 2001 2201 2054 et
2247 2011 2480 2052 semen
2530 1990 2785 2070 canapi,
2833 1990 2991 2052 item
3030 2009 3154 2070 pro
3196 1988 3417 2052 medio
3465 2008 3625 2050 coro
3661 1989 4015 2070 papaueris
4052 2001 4277 2072 empto

1085 2123 1206 2187 pro
1253 2101 1516 2184 paratiS,
1564 2098 1630 2159 V
1679 2118 1778 2183 gr.
1843 2098 1999 2161 item
2049 2118 2170 2180 pro
2216 2097 2508 2160 semellis
2554 2095 2655 2158 VI
2704 2116 2803 2178 gr.
2870 2096 3028 2159 item
3098 2116 3219 2179 pro
3284 2095 3497 2158 tribus
3561 2096 3939 2159 octualibus
4004 2097 4278 2160 ceruisie

1085 2231 1206 2294 per
1249 2218 1405 2272 octo
1451 2218 1613 2270 scot.
1662 2227 1822 2269 mar.

1300 2314 1617 2396 Sequitur
1662 2312 2047 2376 distribucio
2093 2311 2479 2395 dyeriorurn
2535 2331 2657 2393 per
2702 2310 3087 2394 dyeariurn:
3154 2311 3312 2374 item
3380 2310 3599 2392 pisces
3646 2322 3835 2374 erant
3900 2311 4147 2395 propt-ij
4195 2314 4279 2376 de

1089 2424 1347 2508 piscina
1396 2421 1629 2505 piscati
1676 2442 1799 2503 pro
1857 2421 2104 2504 dyerijs
2159 2419 2649 2488 distribuendis,
2698 2419 2855 2500 quia
2900 2418 3093 2500 pauci
3137 2418 3445 2480 homines
3491 2428 3652 2480 tunc
3697 2437 3851 2481 cum
3904 2419 4109 2500 Rege
4145 2418 4279 2482 fue-

1087 2540 1258 2604 runt,
1306 2530 1464 2593 item
1513 2549 1636 2610 pro
1683 2538 1973 2610 quatuor
2036 2526 2206 2590 coris
2252 2526 2378 2608 pisi
2426 2546 2545 2607 per
2591 2523 2656 2586 V
2706 2545 2805 2609 gr.
2852 2525 2927 2586 X
2974 2536 3136 2590 scot.
3201 2525 3359 2588 item
3428 2546 3551 2608 pro
3617 2525 3913 2607 quinque
3960 2525 4135 2588 coris
4178 2547 4277 2588 se·

1089 2639 1284 2703 minis
1331 2636 1567 2718 canapi
1617 2635 1690 2697 X
1737 2646 1898 2698 scot.
1963 2633 2121 2697 item
2169 2653 2292 2716 pro
2359 2653 2672 2696 mensura
2738 2632 2895 2716 milij
2944 2653 3065 2714 per
3109 2643 3369 2714 septem
3418 2653 3517 2714 gr.
3566 2633 3642 2696 X
3688 2645 3849 2697 scot.
3898 2632 3931 2694 I
3979 2653 4081 2716 gr.
4126 2634 4279 2696 item

1087 2767 1212 2829 pro
1259 2743 1549 2806 semellis
1597 2743 1681 2804 ad
1729 2741 2020 2824 dyearia‚
2077 2750 2366 2823 quatuor
2410 2760 2501 2803 se.
2564 2740 2725 2802 item
2796 2761 2919 2822 pro
2984 2741 3506 2822 quatuordecem
3574 2741 3950 2802 octualibus
4012 2741 4284 2804 ceruisie

1089 2855 1177 2917 ad
1221 2852 1456 2935 dyeria
1494 2848 1968 2920 distribuenda,
2016 2848 2172 2930 quia
2211 2847 2561 2929 pauciores
2606 2848 2912 2910 homines
2957 2857 3164 2918 erant,
3211 2847 3597 2928 recipiendo
3643 2847 3991 2928 quodlibet
4028 2848 4283 2910 octuale

1091 2980 1212 3043 per
1257 2958 1433 3022 XVI
1484 2978 1581 3040 gr.
1627 2956 1784 3020 facit
1831 2966 2120 3037 quatuor
2167 2975 2325 3017 mar.
2375 2953 2553 3016 XVI
2600 2965 2765 3016 scot.
2830 2953 3196 3017 falconistis
3260 2973 3381 3034 pro
3444 2953 3643 3034 pullis
3712 2961 3779 3014 et
3843 2955 4177 3017 columbis
4218 2965 4285 3017 et

1091 3067 1373 3152 sugellis
1417 3064 1564 3128 XII
1611 3084 1701 3127 se.

1308 3173 1564 3237 Sabato
1611 3169 1915 3253 sequenti
1961 3169 2106 3252 ipso
2145 3168 2253 3232 die
2291 3169 2471 3230 beati
2511 3167 2962 3231 Bal-tholomei
3000 3169 3201 3250 (24l8)
3240 3169 3325 3230 ad
3364 3169 3717 3250 prandium
3757 3167 4035 3231 domino
4075 3169 4285 3252 Regi:

1094 3283 1252 3346 item
1300 3301 1424 3363 pro
1468 3279 1762 3361 piscibus
1825 3277 2202 3340 recentibus
2267 3277 2354 3338 ad
2402 3276 2761 3356 coquinam
2828 3275 3079 3338 domini
3146 3275 3365 3358 Regis
3430 3276 3517 3338 ad
3582 3275 3959 3356 prandium,
4006 3285 4288 3357 quatuor

1095 3410 1256 3453 mar.
1303 3387 1406 3450 VI
1452 3397 1616 3449 scot.
1680 3385 1837 3447 item
1886 3385 2102 3467 pisces
2150 3393 2218 3446 et
2265 3382 2583 3465 angwille
2649 3383 2973 3464 patebunt
3036 3382 3102 3443 in
3170 3391 3514 3463 apparatu,
3579 3381 3738 3444 item
3806 3401 3932 3463 pro
3998 3382 4286 3446 tricentis

1095 3515 1395 3561 oworum
1445 3514 1565 3576 per
1611 3493 1906 3575 quinque
1954 3512 2054 3575 gr.
2101 3490 2244 3553 XV
2292 3509 2391 3574 gr.
2442 3491 2600 3552 item
2653 3489 2904 3552 milium
2952 3499 3096 3552 erat
3142 3491 3228 3552 de
3275 3490 3517 3552 alodio,

1312 3603 1482 3665 Item
1532 3621 1653 3683 pro
1701 3610 1991 3682 quatuor
2035 3598 2184 3660 ollis
2230 3597 2447 3670 butiri,
2495 3600 2665 3659 duas
2711 3596 3092 3678 recipiendo
3139 3616 3258 3677 per
3303 3595 3474 3658 VIII
3522 3605 3591 3658 et
3636 3598 3805 3659 duas
3853 3616 3979 3679 per
4022 3618 4147 3660 sex
4191 3619 4289 3687 gr.

1096 3713 1162 3774 in
1189 3721 1353 3774 -toto
1400 3709 1559 3771 facit
1605 3706 1748 3770 XV
1796 3727 1885 3770 sc.
1951 3707 2110 3768 item
2175 3725 2301 3786 pro
2366 3705 2657 3766 semellis
2723 3705 2807 3766 ad
2877 3703 3227 3785 prandium
3294 3703 3404 3764 IX
3453 3724 3551 3785 gr.
3616 3704 3774 3766 item
3843 3725 3969 3785 pro
4034 3715 4285 3788 septem

1099 3816 1474 3882 octualibus
1519 3814 1797 3878 ceruisie
1844 3833 1964 3895 per
2009 3811 2180 3873 VIII
2226 3832 2317 3873 sc.
2365 3810 2431 3872 II
2479 3831 2639 3873 mar.
2688 3809 2858 3872 VIII
2906 3829 2995 3872 se.
3042 3810 3201 3872 item
3251 3810 3428 3872 casei
3475 3823 3665 3874 erant
3709 3812 3795 3873 de
3842 3812 4085 3874 alodio.

1313 3923 1682 3986 Pistoribus
1727 3920 2102 4004 regalibus:
2150 3919 2309 3980 item
2358 3937 2483 4000 pro
2520 3917 2813 3999 piscibus
2850 3917 3234 3980 recentibus
3271 3926 3405 3979 tres
3441 3916 3587 3981 fert.
3634 3917 3791 3980 item
3838 3939 3965 3999 pro
4012 3928 4292 4000 quatuor

1100 4033 1312 4094 centis
1357 4050 1659 4094 oworum
1710 4029 1778 4090 X
1830 4037 1993 4090 scot.
2057 4026 2215 4088 item
2265 4047 2386 4108 pro
2452 4025 2678 4087 II·bus
2742 4024 2891 4086 ollis
2955 4023 3155 4086 butiri
3202 4025 3311 4086 XI
3358 4034 3520 4086 scot.
3583 4025 3742 4088 item
3798 4045 3923 4107 pro
3990 4045 4291 4090 mensura

1101 4138 1310 4201 farine
1357 4137 1768 4217 vtri(us)que,
1816 4134 2126 4197 videlicet
2173 4135 2326 4195 albe
2372 4142 2439 4194 et
2486 4131 2765 4214 siliginis
2811 4130 2983 4194 VIII
3031 4141 3196 4192 scot.

1317 4243 1650 4308 Secuntur
1696 4251 2056 4324 apparatus
2101 4239 2414 4303 stacionis
2460 4237 2719 4320 prefate
2766 4239 3017 4301 domini
3064 4238 3320 4322 Regis:
3392 4239 3551 4301 item
3604 4258 3723 4321 pro
3769 4239 4067 4321 piscibus
4112 4238 4295 4302 salsis

1104 4363 1170 4416 et
1237 4350 1568 4435 angwillis
1634 4351 1697 4412 in
1766 4348 2090 4412 Cracouia
2155 4346 2575 4429 comparatiS‚
2640 4366 2800 4408 mar.
2866 4355 3158 4426 quatuor
3220 4365 3311 4408 sc.
3375 4345 3537 4408 item
3601 4365 3723 4426 pro
3786 4365 3925 4408 vno
3991 4347 4169 4409 dolio
4227 4355 4293 4407 et

1106 4460 1330 4523 II·bus
1377 4459 1529 4521 tinis
1574 4456 1748 4520 fert..
1783 4456 1946 4519 item
1995 4476 2118 4538 pro
2167 4474 2300 4516 vna
2345 4452 2607 4535 pastina
2665 4453 2829 4513 alias
2878 4450 3059 4514 dzeza
3104 4453 3467 4534 pistoribus
3515 4453 3617 4515 III
3665 4473 3763 4536 gr.
3827 4453 3989 4516 item
4039 4473 4162 4535 pro
4204 4454 4291 4515 al·

1082 4566 1246 4630 ·veis
1291 4567 1378 4628 ad
1425 4564 1747 4646 coquinas
1812 4572 1880 4625 et
1945 4562 2097 4624 alibi
2145 4561 2247 4622 VI
2295 4581 2395 4644 gr.
2462 4560 2621 4622 item
2688 4579 2811 4640 pro
2876 4560 3105 4622 cribris
3170 4561 3470 4623 subereis
3518 4563 3585 4641 (?)
3632 4570 3702 4622 et
3747 4560 3981 4642 pilicijs
4026 4570 4162 4624 tres
4204 4580 4293 4623 sc.

1104 4675 1262 4737 item
1311 4693 1434 4754 pro
1480 4673 1626 4734 ollis
1684 4682 1753 4733 et
1799 4669 2220 4732 multralibus
2284 4677 2353 4730 et
2398 4666 2679 4730 olliculis
2724 4678 2793 4728 et
2842 4665 3029 4729 vitris
3074 4668 3160 4730 ad
3209 4687 3475 4730 mensas
3521 4667 3776 4730 domini
3823 4667 4047 4750 Regis
4094 4667 4167 4728 X
4206 4687 4289 4729 sc.

1105 4783 1262 4843 item
1309 4800 1433 4861 pro
1480 4799 1614 4840 vna
1661 4796 2010 4860 sexagena
2073 4775 2527 4838 scultellarum
2578 4772 2791 4836 XIIII
2840 4792 2941 4856 gr.
3006 4772 3163 4835 item
3212 4775 3659 4858 quadraginta
3724 4793 4039 4836 mensure
4084 4793 4289 4838 auene

1105 4886 1392 4971 proprie,
1438 4886 1594 4948 item
1644 4886 1730 4947 ad
1775 4883 2008 4966 dyeria
2055 4883 2208 4945 loco
2255 4901 2469 4944 auene
2516 4881 2785 4943 cuilibet
2830 4880 3130 4962 pecunijs
3196 4882 3441 4964 paratis
3505 4882 3837 4944 soluendo
3880 4901 4079 4944 suum
4125 4883 4278 4962 dye-

1106 4995 1294 5066 rium,
1341 4992 1498 5055 facit
1546 4991 1723 5071 V1¹s2
1783 5011 1944 5053 mar.

1322 5098 1605 5166 Summa
1650 5101 1736 5161 ab
1783 5097 1913 5161 alia
1957 5117 2225 5160 summa
2271 5095 2429 5160 facit
2476 5095 2747 5179 triginta
2796 5115 2957 5158 mar.
3005 5095 3115 5158 XI
3163 5116 3263 5179 gr.
