4592 6559
977 473 1354 538 Rr-:JESTRA
1405 473 1670 538 STACYJ
1717 475 2008 526 DwoRU
2056 463 2325 526 KRoLA
2374 477 2401 524 1
2450 465 2883 542 KRoLowEJ.
2942 486 3124 546 ¹405·
3527 490 3652 548 299

659 676 828 739 Item
897 677 1032 738 dno
1098 674 1380 738 Nicolao
1445 674 2030 740 vicecancellario:
2097 676 2256 740 item
2322 696 2447 759 pro
2514 676 2809 760 piscibus
2872 680 3253 744 recentibus
3298 680 3400 745 VI
3464 683 3649 756 scoti,

445 783 602 846 item
649 803 772 864 pro
817 781 1112 866 piscibus
1155 783 1422 846 salsatis
1469 782 1570 846 III
1616 783 1802 856 scoti,
1847 784 2006 847 item
2054 805 2178 866 pro
2224 785 2375 848 oleo
2422 784 2490 847 II
2536 785 2721 860 scoti,
2768 785 2927 850 item
2970 803 3098 868 pro
3146 787 3177 850 Ι
3220 789 3470 852 'octuali
3508 809 3648 852 cer-

446 890 608 955 uisie
655 891 756 953 VI
804 891 988 954 scoti.
1985 907 1990 914 ·
3142 909 3147 916 ·

657 997 830 1060 Item
877 998 1013 1060 dno
1061 997 1392 1062 Hinconi·
1377 1049 1390 1061 .
1457 999 1614 1061 item
1672 1019 1797 1080 pro
1843 999 2134 1080 piscibus
2198 998 2580 1062 recentibus
2626 999 2763 1062 VII
2827 1001 3013 1074 scoti,
3076 1001 3237 1066 item
3266 1021 3410 1084 :pro
3456 1002 3647 1084 pisci-

447 1108 574 1168 bus
620 1104 882 1168 salsatis
929 1104 1032 1168 IV
1079 1105 1260 1178 scoti,
1309 1106 1467 1170 item
1517 1125 1637 1188 pro
1685 1106 1836 1168 oleo
1883 1106 1949 1169 II
1997 1107 2183 1180 scoti,
2226 1106 2387 1170 item
2425 1125 2549 1188 pro
2600 1105 2662 1186 ΙΙ,
2714 1107 2960 1170 octuali
3006 1108 3284 1172 ceruisie
3323 1108 3426 1172 ΙΙΙ
3462 1104 3674 1187 scoti„-

656 1212 826 1275 Item
875 1211 1218 1275 Ruthenis
1265 1233 1440 1276 cum
1484 1213 1627 1276 aliis
1674 1211 1947 1276 Polonis
2010 1233 2212 1294 super
2276 1212 2484 1276 diaria
2546 1213 2876 1294 ipsorum:
2940 1214 3100 1278 item
3166 1235 3291 1298 pro
3353 1216 3647 1300 piscibus

444 1320 823 1383 recentibus
872 1319 1092 1382 XXII
1137 1319 1324 1393 scoti,
1369 1320 1529 1383 item
1577 1340 1700 1402 pro
1737 1319 2030 1402 piscibus
2067 1319 2328 1383 salsatis
2356 1318 2531 1383 VIII
2562 1320 2744 1396 scoti,
2791 1321 2948 1386 item
2980 1343 3102 1406 pro
3132 1324 3297 1453 oleo
3321 1324 3424 1386 IV
3462 1324 3645 1398 scoti,

443 1428 598 1490 item
647 1447 771 1508 pro
817 1427 918 1490 III
966 1427 1344 1490 octualibus
1389 1428 1670 1490 ceruisie
1719 1426 1969 1490 XVIII·
2014 1428 2198 1491 scoti.
2680 1459 2687 1464 ·

655 1535 826 1598 Item
875 1533 1270 1599 falconistis:
1336 1535 1494 1597 item
1543 1554 1666 1617 pro
1712 1534 2005 1616 piscibus
2051 1535 2435 1598 recentibus
2482 1535 2547 1596 V
2595 1535 2781 1610 scoti,
2827 1536 2991 1600 item
3037 1558 3160 1620 pro
3208 1537 3357 1601 oleo
3405 1539 3436 1601 I
3482 1549 3645 1604 scot.

443 1644 598 1706 item
650 1663 769 1724 pro
816 1643 1066 1706 octuali
1114 1642 1391 1705 ceruisie
1439 1641 1540 1704 VI
1589 1643 1776 1705 scoti.

609 1779 614 1786 ·
655 1750 938 1813 Summa
984 1748 1160 1812 diete
1207 1749 1387 1812 XIII
1433 1769 1593 1812 mar.
1641 1749 1742 1812 VI
1789 1749 1957 1812 scoti
2004 1749 2113 1828 1¹ss
2173 1769 2271 1832 gr.

658 1857 829 1918 Item
874 1857 1053 1919 dnus
1100 1857 1264 1920 Rex
1312 1855 1376 1919 in
1426 1839 1873 1920 Przz'mancow
1927 1855 2111 1918 venit
2157 1876 2313 1919 cum
2360 1859 2495 1942 dna
2543 1857 2817 1941 Regina
2865 1859 2952 1921 ad
2986 1867 3303 1934 ‚noctem;
3369 1862 3640 1924 ta'ndem

443 1967 528 2028 ad
573 1963 925 2046 prandium
974 1965 1112 2027 dno
1159 1964 1378 2048 Regi:
1445 1964 1602 2028 item
1650 1984 1774 2046 pro
1829 1963 2122 2046 piscibus
2185 1965 2565 2036 recentibus
2611 1965 2679 2028 II
2728 1985 2887 2028 mar.
2935 1966 3037 2029 III
3084 1967 3267 2042 s‘coti3
3314 1967 3473 2031 item
3521 1979 3647 2050 pro·

441 2073 731 2155 piscibus
777 2071 1038 2134 salsatis
1085 2071 1262 2134 XVI
1311 2071 1494 2144 scoti,
1541 2071 1699 2134 item
1748 2091 1871 2153 pro
1915 2073 2066 2134 oleo
2113 2071 2251 2134 VII
2297 2073 2482 2146 scoti,
2548 2073 2707 2135 item
2772 2073 2981 2154 panis,
3048 2073 3285 2155 pisum,
3350 2073 3646 2148 mileum,

441 2179 590 2242 ista
630 2179 934 2262 propria:
998 2178 1154 2242 item
1224 2199 1346 2260 pro
1396 2178 1460 2239 V
1507 2178 1883 2242 octualibus
1929 2178 2211 2241 ceruisie
2257 2177 2715 2253 WisliciensiS‚
2781 2168 3131 2262 quodlibet
3193 2183 3458 2247 octuale
3523 2201 3645 2320 per

440 2287 612 2349 VIII
659 2299 822 2350 scot.
870 2286 901 2347 I
951 2306 1112 2350 mar.
1161 2284 1340 2349 XVI
1385 2286 1568 2348 scoti.

654 2395 826 2456 Item
874 2395 1008 2455 dne
1055 2393 1328 2476 Regine
1375 2395 1460 2456 ad
1517 2393 1905 2474 prandium:
1960 2393 2130 2455 item
2196 2413 2320 2474 pro
2383 2392 2679 2474 piscibus
2744 2394 3123 2457 recentibus
3174 2395 3207 2456 Ι
3240 2413 3415 2458 mar.
3463 2395 3643 2463 XIV·

439 2502 624 2576 scoti,
670 2503 831 2564 item
880 2521 1002 2582 pro
1049 2499 1343 2580 piscibus
1389 2500 1650 2562 salsatis
1713 2499 1894 2562 XIII
1907 2501 1972 2578 Ἲς
2029 2500 2212 2572 scoti,
2281 2499 2439 2563 item
2506 2508 2631 2582 p'ro
2696 2501 2847 2564 oleo
2894 2501 2994 2564 IV
3043 2502 3245 2576 scoti4·
3292 2502 3453 2567 item
3520 2519 3642 2584 pro

441 2609 543 2672 III
592 2608 970 2672 octualibus
1015 2607 1292 2670 ceruisie
1339 2606 1798 2680 Wisliciensis,
1846 2607 2192 2688 quodlibet
2239 2607 2501 2669 octuale
2547 2628 2667 2688 per
2714 2607 2884 2670 VIII
2932 2619 3093 2686 scot.
3142 2609 3190 2692 I·
3220 2628 3381 2672 mar.

653 2717 826 2780 Item
874 2715 1028 2779 duci
1075 2713 1512 2776 Alexandro:
1561 2714 1718 2776 item
1769 2734 1890 2794 pro
1935 2713 2228 2794 piscibus
2275 2715 2655 2776 recentibus
2704 2714 2842 2777 VII
2880 2716 3071 2790 scoti,
3138 2716 3297 2779 item
3326 2734 3467 2798 ‘pro
3515 2716 3645 2798 pis-

439 2825 628 2886 cibus
672 2824 936 2886 salsatis
973 2822 1074 2884 IV
1112 2822 1296 2896 scoti,
1344 2822 1504 2884 item
1543 2837 1666 2903 pro
1705 2823 1856 2884 oleo
1894 2822 1958 2884 II
1999 2821 2184 2894 scoti,
2230 2823 2389 2884 item
2430 2843 2551 2904 pro
2590 2823 2621 2885 Ι
2661 2822 2907 2885 octuali
2936 2823 3212 2886 ceruisie
3252 2823 3423 2886 VIII
3460 2824 3671 2886 scoti:

652 2932 824 2994 Item
872 2931 1026 2992 duci
1075 2930 1390 2992 Bolconi:
1438 2930 1598 2992 item
1646 2949 1769 3011 pro
1815 2929 2108 3010 piscibus
2145 2928 2525 2992 recentibus
2565 2929 2700 2992 VII
2738 2930 2924 3004 scoti,
2972 2930 3131 2993 item
3181 2951 3303 3013 pro
3346 2930 3644 3012 ‘piscibus

437 3040 702 3103 salsatis
749 3039 850 3101 III
897 3037 1084 3112 scoti,
1132 3037 1292 3099 item
1340 3057 1463 3118 pro
1510 3038 1661 3100 oleo
1711 3037 1776 3099 II
1825 3037 2010 3110 scoti,
2057 3037 2214 3099 item
2264 3055 2387 3119 pro
2434 3037 2465 3098 Ι
2514 3037 2760 3100 octuali
2808 3038 3085 3100 ceruisie
3134 3037 3305 3108 VIII
3350 3038 3535 3102 scoti.

654 3147 822 3209 Item
873 3145 1308 3208 marsalconi:
1375 3146 1534 3206 item
1602 3165 1726 3226 pro
1790 3145 2081 3226 piscibus
2147 3145 2527 3208 recentibus
2576 3144 2676 3206 IV
2722 3145 2906 3217 scoti,
2972 3145 3129 3208 item
3179 3166 3301 3227 pro
3344 3145 3643 3227 piscibus

437 3254 699 3317 salsatis
747 3253 814 3314 ΙΙ
861 3253 1046 3326 scoti,
1095 3252 1253 3315 item
1301 3273 1422 3334 pro
1470 3253 1621 3315 oleo
1671 3254 1701 3315 I
1749 3263 1910 3316 scot.
1959 3253 2118 3314 item
2165 3272 2288 3334 pro
2350 3251 2411 3332 Ὗ,
2471 3252 2717 3314 octuali
2764 3252 3045 3316 ceruisie
3094 3252 3193 3315 IV
3240 3253 3425 3316 scoti.

650 3361 820 3423 Item
888 3361 1024 3422 dno
1090 3359 1370 3422 Nicolao
1436 3359 2018 3422 vicecancellario:
2084 3359 2245 3422 item
2312 3379 2441 3441 pro
2499 3359 2794 3440 piscibus
2858 3361 3238 3423 recentibus
3284 3361 3384 3422 VI
3452 3361 3640 3434 scoti,

435 3471 596 3532 item
644 3489 766 3550 pro
813 3466 1106 3549 piscibus
1153 3467 1416 3530 salsatis
1461 3467 1564 3529 IV
1609 3466 1792 3540 scoti,
1843 3465 2004 3529 item
2051 3486 2172 3548 pro
2219 3464 2371 3529 oleo
2420 3467 2487 3528 II
2532 3466 2720 3540 scoti,
2766 3467 2927 3530 item
2976 3487 3097 3550 pro
3133 3467 3164 3529 I
3214 3468 3461 3531 octuali
3498 3488 3637 3530 cer-

437 3577 598 3641 uisie
649 3573 1092 3638 Wisliciensis
1143 3573 1312 3637 VIII
1359 3574 1544 3637 scoti.

650 3683 821 3746 Item
871 3681 1208 3746 Ruthenis
1253 3701 1409 3744 cum
1457 3681 1600 3744 aliis
1657 3682 1930 3745 Polonis
1992 3702 2193 3763 super
2263 3681 2469 3743 diaria
2534 3681 2867 3763 ipsorum:
2934 3683 3091 3745 item
3159 3703 3280 3765 pro
3345 3682 3638 3765 piscibus

435 3790 816 3854 recentibus
862 3789 1040 3852 XVI
1089 3789 1273 3863 scoti,
1321 3789 1479 3852 item
1527 3809 1650 3870 pro
1697 3789 1990 3871 piscibus
2034 3788 2294 3852 salsatis
2343 3788 2443 3851 VI
2490 3789 2676 3862 scoti,
2739 3789 2899 3852 item
2946 3811 3069 3872 pro
3116 3790 3268 3852 oleo
3314 3789 3417 3853 IV
3453 3790 3635 3865 scoti,

433 3899 595 3963 item
658 3919 782 3981 pro
847 3897 948 3959 III
1015 3896 1392 3959 octualibus
1457 3896 1736 3959 ceruisie
1782 3895 2241 3970 WisliciensiS‚
2307 3896 2658 3978 quodlibet
2720 3899 2984 3960 octuale
3050 3917 3174 3978 per
3238 3896 3410 3960 VIII
3476 3907 3635 3962 scot.

437 4007 466 4069 I
517 4026 678 4068 mar.
751 4051 754 4054 -
2922 4015 2930 4024 '
3176 4085 3183 4092 .

649 4113 821 4176 Item
893 4110 1260 4175 falconistis
1333 4111 1740 4192 specialiter:
1815 4111 1976 4174 item
2050 4130 2174 4193 pro
2239 4110 2533 4193 piscibus
2598 4112 2980 4176 recentibus
3045 4112 3147 4176 VI
3186 4113 3397 4188 scoti,
3474 4114 3634 4177 item

434 4238 557 4303 pro
604 4223 755 4284 oleo
802 4220 870 4283 ΙΙ
915 4220 1100 4293 scoti,
1147 4220 1306 4283 item
1355 4239 1476 4302 pro
1524 4219 1556 4281 Ι
1604 4219 1851 4282 octuali
1897 4219 2176 4281 ceruisie
2222 4217 2395 4281 VIII
2442 4219 2625 4282 scoti.
3617 4235 3625 4242 ·

649 4325 932 4392 Summa
979 4327 1156 4392 diete
1203 4325 1383 4388 XIII
1432 4346 1593 4388 mar.
1641 4325 1826 4388 XIX
1876 4326 2044 4388 scoti
2090 4326 2121 4388 I
2173 4346 2272 4410 gr.

593 4459 600 4464 ·
648 4435 817 4498 Item
867 4445 1228 4517 apparatus
1265 4433 1393 4514 (ad)
1432 4433 1801 4496 stacionem
1840 4433 2145 4514 superius
2191 4433 2439 4496 dictam
2488 4453 2665 4496 anno
2690 4444 2779 4496 'ut
2818 4453 3024 4515 supra
3069 4442 3228 4497 ante
3265 4434 3632 4497 stacionem

431 4543 718 4606 dicendo
764 4563 942 4604 anno
989 4543 1255 4624 quinto:
1307 4541 1466 4603 item
1517 4560 1640 4623 pro
1679 4539 1786 4602 IX
1825 4541 2100 4603 thunnis
2139 4541 2522 4614 allecorum,
2564 4540 2935 4622 quamlibet
2976 4542 3301 4605 thunnam
3342 4542 3623 4624 per.11l2

435 4671 595 4712 mar.
642 4649 1043 4731 recipiendo,
1088 4647 1245 4710 facit
1293 4667 1558 4710 summa
1595 4657 1696 4710 tot
1742 4647 1999 4727 ΧΙΙΙῙ]2
2059 4667 2221 4710 mar.
2269 4648 2427 4711 item
2475 4668 2599 4730 pro
2647 4647 2749 4710 VI
2795 4667 3028 4732 sexag.
3077 4642 3378 4723 ollarum,
3429 4649 3633 4731 queli‘-

431 4759 566 4820 bet.
593 4777 830 4840 sexag.
874 4755 998 4838 per
1045 4755 1110 4818 II
1157 4775 1247 4818 sc.
1297 4754 1439 4816 XII
1487 4755 1670 4828 scoti,
1718 4754 1878 4817 item
1936 4775 2058 4837 pro
2107 4753 2208 4816 IV
2255 4759 2492 4840 sexag.
2538 4755 2989 4830 scutellarum,
3045 4757 3352 4839 'quelibet
3398 4767 3633 4841 sexagt

431 4884 553 4947 per
599 4863 694 4924 V
713 4884 813 4947 gr.
858 4862 1014 4926 facit
1061 4863 1135 4926 X
1181 4873 1342 4926 scot.
1389 4863 1546 4924 item
1594 4883 1724 4944 pro
1763 4861 2188 4926 licuminibus
2253 4864 2340 4926 ad
2385 4861 2695 4926 facienda
2735 4864 2988 4926 lumina
3031 4865 3121 4927 ad
3152 4861 3451 4927 'eandem
3482 4875 3631 4936 sta-

430 4971 692 5035 cionem
740 4969 876 5034 VII
923 4970 1092 5033 scoti
1156 4971 1314 5033 item
1353 4991 1476 5052 pro
1503 4969 1706 5032 thinis
1735 4979 1802 5032 et
1830 4969 2042 5033 doleis
2071 4989 2336 5033 necnon
2366 4970 2581 5034 cribra
2608 4973 3063 5055 comparando
3091 4972 3199 5054 (et)
3228 4979 3434 5035 ’πη-035
3472 4972 3632 5041 facit

431 5078 610 5140 XVI
657 5086 896 5140 scotos

633 5183 928 5248 Summa
999 5191 1362 5266 apparatus
1427 5186 1515 5248 ad
1579 5185 1946 5248 stacionem
2020 5185 2415 5266 premissam
2490 5186 2799 5269 superius
2872 5186 3191 5269 scriptam
3259 5187 3402 5250 XV
3468 5209 3627 5252 mar.

465 5292 542 5355 X
587 5291 770 5355 scoti.

431 5293 464 5356 I
643 5398 928 5464 Summa
974 5399 1367 5463 LXXXIV
1416 5419 1576 5464 mar.
1625 5399 1735 5462 IX
1781 5399 1966 5474 scoti,
2013 5398 2045 5460 I
2093 5419 2192 5483 gr.
2241 5399 2345 5463 III
2391 5401 2540 5463 den.
