4592 6559
1007 479 1131 537 216
1785 485 2166 552 REJESTRA
2215 485 2802 537 PonsxARBOEGo
2850 483 3185 536 Hmcle.
3244 488 3427 552 1395·

1001 689 1161 751 item
1209 709 1334 771 pro
1383 697 1724 769 portatura
1772 688 1988 751 tocius
2035 687 2172 750 vini
2217 686 2494 770 predicti
2544 688 2627 750 ad
2676 697 2972 750 castrum
3021 685 3123 748 VI
3172 706 3270 770 gr.

1003 795 1162 858 item
1212 795 1601 868 Petrziconi‚
1651 795 1766 877 qui
1821 793 2052 858 Chelm
2100 795 2330 867 tenuit,
2378 795 2463 857 ad
2512 815 2750 858 vocem
2800 793 2916 856 dni
2964 793 3187 878 Regis
3234 792 3300 855 II
3348 813 3550 856 marc.

1006 903 1163 965 item
1212 923 1333 985 pro
1380 903 1694 985 expensis
1743 903 1857 965 dni
1907 901 2446 966 vicethesaurarii
2494 922 2649 964 cum
2696 901 3062 964 sartoribus
3128 915 3196 964 et
3243 900 3626 963 vectoribus
3672 900 3785 962 dni
3836 899 4073 982 Regis,
4124 899 4211 962 ad

1007 1009 1536 1074 conuencionem
1611 1011 1978 1092 predictam
2048 1009 2425 1072 necessaria
2470 1009 2873 1090 aptantibus,
2941 1010 3026 1071 ad
3092 1008 3535 1090 septimanam
3602 1008 4077 1088 precedentem
4144 1005 4211 1068 II

1010 1137 1208 1180 mare.
1256 1118 1330 1179 X
1377 1138 1466 1180 se.

1007 1225 1164 1287 item
1216 1224 1323 1286 die
1371 1224 1705 1288 dominico
1751 1224 2064 1306 proximo
2111 1223 2422 1286 Adorate
2470 1226 2607 1308 (24s
2620 1225 2671 1304 1)
2720 1222 2934 1296 nichil,
2980 1225 3101 1286 sed
3156 1221 3322 1286 feria
3368 1223 3435 1285 II
3482 1221 3791 1304 proxima
3840 1221 3979 1306 (25)
3992 1223 4042 1300 1)
4089 1242 4211 1302 pro

1011 1332 1077 1394 ΙΙ
1125 1332 1286 1395 rotis
1332 1334 1419 1395 ad
1467 1352 1735 1394 currum
1785 1351 2041 1413 parwm
2090 1331 2122 1393 I
2169 1330 2319 1394 fert.

1010 1439 1170 1502 item
1219 1439 1522 1519 Janussio
1571 1438 1698 1501 ciui
1747 1439 2150 1511 Lublinensi,
2200 1439 2315 1520 qui
2352 1439 2673 1519 pixidem,
2720 1459 2843 1500 vas
2878 1439 3273 1522 sagittarum
3314 1448 3384 1501 et
3420 1437 3523 1500 VI
3560 1437 3833 1500 balistas
3869 1437 3937 1498 in
3984 1434 4212 1500 Chelm

1011 1546 1208 1610 duxit
1254 1547 1285 1608 Ι
1333 1567 1532 1609 mare.

1227 1651 1509 1717 Summa
1555 1653 1791 1716 LXVI
1841 1674 2038 1718 marc,
2087 1654 2188 1717 111
2235 1673 2327 1716 sc.

1228 1761 1399 1824 Item
1449 1781 1572 1843 pro
1620 1760 1730 1823 IX
1778 1761 1950 1823 vlnis
1994 1762 2198 1843 panni
2243 1761 2421 1845 nigri
2468 1761 2883 1824 Bruszlensis
2931 1761 3113 1824 missi
3158 1760 3649 1825 Sandomiriam
3690 1762 3826 1823 dno
3866 1759 4054 1842 Regi
4090 1779 4213 1840 pro

1014 1869 1258 1940 tunica,
1305 1868 1690 1950 recipiendo
1737 1870 1964 1931 vlnam
2011 1889 2135 1951 per
2181 1869 2357 1932 XVI
2405 1890 2493 1932 se.
2542 1890 2806 1933 summa
2852 1869 2951 1931 VI
3000 1889 3199 1932 marc.
4118 1870 4123 1873 ’

1016 1977 1174 2038 item
1225 1996 1346 2057 pro
1394 1976 1425 2038 Ι
1473 1976 1760 2039 stamine
1807 1976 2011 2058 panni
2069 1976 2463 2040 Leuinensis
2527 1988 2595 2039 et
2659 1978 2789 2040 alio
2854 1977 3043 2039 breui
3106 1978 3192 2038 de
3266 1975 3455 2060 Thyn
3502 1975 3694 2058 nigri,
3742 1974 3925 2036 missi
3969 1973 4214 2036 ibidem

1017 2083 1529 2157 Sandomiriam,
1577 2104 1698 2165 pro
1745 2085 2076 2146 ambobus
2123 2085 2321 2147 simul
2369 2085 2520 2146 XX
2570 2104 2765 2148 marc,

1016 2191 1174 2253 item
1221 2211 1344 2272 pro
1391 2192 1675 2254 ductura
1721 2191 1998 2272 predicti
2045 2192 2248 2272 panni
2295 2203 2362 2255 et
2408 2192 2681 2256 alterius
2726 2193 2931 2274 empti
2969 2213 3093 2274 pro
3130 2192 3383 2274 grossis
3429 2192 3673 2254 ibidem
3724 2187 4215 2254 Sandomiriam

1018 2297 1050 2358 Ι
1066 2299 1128 2379 ¹,l2
1187 2318 1387 2362 marc.

1018 2405 1176 2467 item
1224 2426 1347 2487 pro
1393 2405 1679 2469 stamine
1744 2406 2059 2469 athlantis
2126 2406 2266 2470 dati
2330 2407 2467 2469 dno
2532 2407 2878 2470 Bernardo
2944 2406 3142 2470 iudici
3192 2406 3592 2469 Welunensi
3657 2407 3743 2468 ad
3791 2405 4055 2467 literam
4100 2403 4217 2466 dni

1023 2511 1242 2595 Regis
1288 2511 1354 2573 V
1401 2533 1601 2576 mare.

1021 2620 1180 2684 item
1227 2619 1391 2684 feria
1438 2620 1539 2683 III
1585 2621 1896 2704 proxima
1944 2621 2084 2702 (26s
2097 2622 2147 2700 1)
2193 2641 2319 2702 pro
2366 2620 2649 2684 stamine
2708 2622 3027 2685 barchani
3077 2620 3248 2704 nigri
3294 2622 3384 2684 ad
3429 2621 3803 2702 parandum
3852 2619 4072 2682 iaceas
4118 2637 4217 2680 ar-

1023 2726 1294 2810 migeris
1340 2727 1456 2791 dni
1504 2729 1725 2812 Regis
1771 2730 1857 2791 ad
1906 2729 2274 2810 predictam
2325 2729 2853 2792 conuencionem
2902 2729 3046 2810 11¹!²
3107 2749 3306 2791 mare.

1021 2835 1180 2897 item
1229 2855 1351 2918 pro
1398 2836 1646 2898 caldari
1694 2855 1852 2898 ereo
1899 2837 1983 2899 ad
2035 2837 2409 2918 parandum
2458 2837 2709 2900 lumina
2754 2834 2903 2898 fusa
2948 2836 2982 2897 Ι
3030 2855 3232 2901 marc.

1021 2943 1179 3005 item
1229 2962 1351 3024 pro
1397 2943 1680 3006 stamine
1745 2941 1950 3026 panni
2015 2943 2188 3026 nigri
2254 2943 2671 3006 Bruszlensis
2738 2943 2824 3008 ad
2871 2943 3189 3007 vestitum
3246 2943 3361 3006 dni
3428 2943 3646 3024 Regis
3692 2944 3778 3006 ad
3826 2939 4219 3004 conuencio-

1021 3069 1177 3112 nem
1225 3049 1446 3111 XXII
1494 3070 1693 3112 mare.

1021 3158 1181 3221 item
1226 3178 1350 3239 pro
1397 3157 1540 3220 XII
1588 3157 1761 3221 vlnis
1805 3158 2012 3239 panni
2061 3158 2472 3222 Bruszlensis
2520 3158 2692 3242 nigri
2730 3159 2942 3222 eciam
2982 3179 3102 3241 pro
3141 3160 3277 3222 dno
3316 3158 3537 3240 Rege,
3574 3156 3957 3238 recipiendo
3994 3155 4219 3218 vlnam

1021 3285 1144 3347 per
1201 3265 1262 3347 Ἀ
1322 3285 1556 3348 sexag.
1601 3284 1867 3327 summa
1912 3245 2126 3346 V11¹j2
2187 3286 2387 3330 marc.

1023 3373 1182 3437 item
1230 3393 1353 3454 pro
1400 3371 1467 3435 II
1515 3373 1815 3453 cophinis
1861 3393 2015 3436 cum
2050 3373 2415 3458 przykosky
2462 3376 2544 3436 ad
2596 3394 2861 3436 currum
2910 3376 3373 3437 thezaurorum
3424 3371 3487 3433 V
3493 3371 3561 3434 ΙΙ
3608 3391 3696 3434 sc.

1024 3480 1182 3544 item
1231 3500 1354 3561 pro
1400 3479 1844 3554 themonibuS,
1891 3480 2132 3543 axibus
2179 3491 2246 3543 et
2293 3479 2437 3544 aliis
2503 3479 2961 3545 instrumentis
3008 3500 3341 3555 curruum,
3406 3479 3597 3543 dictis
3648 3477 3897 3542 barlcza
3944 3477 4031 3540 ad
4075 3495 4221 3538 cur-

1026 3609 1156 3662 ωε,
1204 3587 1235 3649 Ι
1282 3586 1427 3650 fert.

1025 3696 1185 3759 item
1233 3715 1356 3777 pro
1405 3693 1504 3756 IV
1553 3695 1714 3758 rotis
1762 3697 1848 3758 ad
1895 3715 2222 3779 magnum
2271 3716 2537 3759 currum
2590 3697 2885 3760 thesauri
2932 3696 3110 3759 XIV
3158 3715 3246 3759 sc.
3364 3745 3367 3750 .

1025 3804 1184 3868 item
1230 3823 1353 3884 pro
1381 3801 1687 3887 flagellis
1733 3813 1803 3866 et
1848 3802 2144 3884 ipsorum
2193 3802 2505 3867 finalibus
2551 3803 2725 3866 datis
2762 3805 3143 3868 vectoribus
3190 3802 3532 3888 regalibus
3568 3803 3656 3864 ad
3694 3799 4221 3864 conuencionem

1027 3910 1214 3973 XIX
1261 3929 1358 3994 gr.

1242 4015 1525 4081 Summa
1569 4016 1843 4081 LXVII
1891 4037 2088 4082 mare.
2134 4018 2203 4080 ΙΙ
2250 4039 2348 4101 gr.

1243 4124 1412 4187 Item
1461 4145 1580 4206 pro
1630 4125 1697 4186 ΙΙ
1743 4145 1978 4209 sexag.
2027 4125 2472 4206 epirediorum
2520 4127 2607 4188 ad
2652 4145 2883 4190 currus
2930 4127 3216 4208 regaleS,
3262 4124 3644 4206 recipiendo
3692 4123 4043 4206 quodlibet
4088 4121 4221 4204 epi-

1026 4231 1285 4295 redium
1332 4252 1454 4313 per
1512 4234 1574 4312 ¹,l2
1633 4252 1732 4316 gr.
1779 4251 2044 4295 summa
2089 4231 2246 4296 facit
2292 4233 2325 4295 Ι
2372 4253 2605 4317 sexag.

1027 4340 1186 4402 item
1234 4359 1356 4420 pro
1402 4338 1435 4400 Ι
1455 4339 1512 4420 ¹1¹2
1571 4359 1806 4424 sexag.
1853 4341 2208 4403 cordarum
2255 4342 2719 4403 suberinarum
2768 4342 2855 4404 ad
2902 4360 3135 4404 currus
3182 4342 3642 4404 thesaurorum
3691 4338 3759 4402 V
3805 4360 3904 4423 gr.

1030 4447 1188 4509 item
1237 4466 1361 4529 pro
1407 4446 1550 4508 aliis
1598 4446 1818 4510 cordis
1865 4446 2178 4529 canapeis
2225 4448 2312 4509 ad
2360 4449 2733 4528 parandum
2803 4446 3019 4532 lanwy
3066 4449 3150 4510 ad
3199 4467 3431 4511 currus
3493 4449 3954 4510 thesaurorum
4005 4447 4036 4508 Ι
4082 4446 4222 4510 fert.

1030 4553 1188 4617 item
1238 4573 1360 4635 pro
1407 4551 1551 4615 aliis
1597 4553 1816 4616 cordis
1862 4553 2051 4616 lineis
2097 4555 2183 4616 ad
2229 4556 2627 4635 creptuchos
2674 4554 2742 4616 V
2790 4575 2878 4617 sc.

1031 4661 1188 4724 item
1237 4681 1360 4743 pro
1406 4659 1549 4723 aliis
1597 4659 1815 4724 cordis
1850 4657 2172 4744 pz'czz‘nky,
2231 4661 2405 4724 datis
2451 4662 2833 4725 vectoribus
2896 4663 3235 4746 regalibus
3280 4662 3368 4727 ad
3413 4661 3781 4745 predictam
3830 4661 4223 4726 conuencio-

1033 4788 1189 4832 nem
1234 4765 1337 4829 VI
1384 4788 1482 4851 gr.

1031 4876 1192 4939 item
1241 4895 1362 4957 pro
1407 4874 1676 4938 funibus
1722 4873 1959 4958 longiS,
2007 4874 2250 4956 quibus
2295 4875 2695 4940 distenditur
2741 4877 2996 4940 cortina
3042 4897 3244 4959 super
3298 4897 3599 4940 mensam
3649 4876 3749 4938 IV
3798 4897 3898 4962 gr.

1032 4983 1190 5046 item
1237 5002 1359 5065 pro
1407 4983 1581 5045 redis
1628 4983 1713 5044 de
1759 4981 2047 5067 corrigio
2093 4983 2180 5044 ad
2227 5001 2461 5046 currus
2508 4985 2773 5068 regales
2819 4994 2886 5046 et
2934 4986 3021 5047 ad
3067 4985 3374 5048 assedam
3422 4985 3453 5046 Ι
3504 5005 3701 5048 marc,
3750 4982 3929 5047 XVI
3978 5005 4069 5048 sc.

1034 5090 1193 5152 item
1243 5109 1362 5172 pro
1411 5089 1708 5172 corrigiis
1755 5088 2175 5170 quibusdam,
2221 5089 2465 5172 quibus
2510 5090 2809 5175 ligantur
2854 5089 3193 5175 nabodrky
3238 5091 3271 5154 Ι
3317 5092 3460 5155 fert.

1033 5197 1193 5260 item
1241 5216 1364 5279 pro
1411 5196 1477 5258 ΙΙ
1524 5195 1983 5260 instrumentis
2027 5194 2206 5259 sz'tlza
2251 5198 2337 5260 ad
2384 5199 2813 5280 purgandum
2861 5198 3119 5261 radices
3165 5208 3232 5260 et
3269 5199 3525 5281 species
3564 5198 3628 5261 in
3668 5201 3985 5263 thezauro
4024 5198 4089 5260 V
4128 5219 4223 5284 gr.

1037 5306 1194 5366 item
1241 5302 1404 5366 feria
1450 5303 1550 5365 IV
1597 5303 1906 5384 proxima
1951 5323 2072 5384 pro
2121 5302 2223 5366 IV
2267 5301 2459 5366 filtris
2513 5304 2706 5369 dictis
2742 5304 3001 5390 pili-any
3063 5307 3150 5368 ad
3214 5305 3433 5370 iaceas
3497 5307 3844 5390 armigeris
3891 5307 4225 5390 regalibus

1037 5412 1113 5474 X
1159 5432 1260 5496 gr.

1039 5519 1197 5582 item
1247 5539 1368 5601 pro
1416 5517 1546 5580 LX
1596 5518 1770 5581 vlnis
1816 5519 1948 5581 tele
1996 5537 2232 5601 grosse
2269 5518 2383 5604 „ad
2432 5520 2803 5600 parandum
2850 5539 3083 5582 saccos
3131 5530 3198 5583 et
3254 5523 3647 5601 creptuchos
3710 5519 4227 5595 konuchonibus‚

1037 5625 1417 5708 recipiendo
1465 5627 1692 5688 vlnam
1741 5645 1861 5709 per
1907 5625 1936 5687 Ι
1987 5645 2084 5708 gr.
2125 5645 2390 5688 summa
2434 5625 2591 5688 facit
2638 5626 2669 5688 Ι
2716 5647 2951 5710 sexag.
