4592 6559
752 519 1129 584 REJESTRA
1175 506 1601 580 WATROBKI
1646 521 2306 582 erLKORzAchv
2355 519 3015 572 KRAxowsKIEGo.
3074 511 3253 587 1418.
3317 523 3326 532 ·
3471 527 3588 588 521

403 719 592 781 cibus
638 721 1019 784 recentibus
1063 718 1164 782 VI
1212 740 1301 782 sc.
1348 721 1508 784 item
1557 741 1679 802 pro
1726 723 1879 783 oleo
1926 733 1993 782 et
2040 703 2386 783 simellis'I
2424 741 2514 784 se.
2559 721 2718 783 item
2766 741 2889 802 pro
2934 722 3192 784 cancris
3228 721 3261 783 Ι
3300 742 3390 785 sc.
3440 722 3596 786 item

401 847 525 907 pro
570 829 836 890 duobus
882 829 1187 893 curribus
1223 829 1358 891 feni
1396 829 1504 892 IX
1545 849 1643 910 gr.
1691 830 1849 892 item
1890 849 2010 910 pro
2058 829 2269 891 tribus
2307 829 2638 893 mensuris
2678 849 2893 891 auene
2931 829 3250 892 tredecim
3298 851 3386 892 se.
3429 830 3461 892 Ι
3501 851 3600 915 gr.

618 934 790 996 Item
839 936 945 998 die
992 937 1257 999 sabbati
1302 937 1368 998 in
1408 936 1639 1020 vigilia
1687 936 2170 1000 Penthecostes
2221 938 2423 1020 (14s5)
2473 956 2592 1018 pro
2642 937 2934 1018 piscibus
2980 937 3363 1000 recentibus
3412 938 3601 1020 quin-

406 1061 538 1124 que
585 1062 674 1104 sc.
721 1043 880 1105 item
928 1063 1052 1124 pro
1099 1044 1359 1106 cancris
1404 1044 1436 1106 Ι
1482 1063 1573 1106 sc.
1620 1035 1775 1106 item
1825 1064 1947 1126 pro
1994 1044 2139 1106 ouis
2185 1043 2254 1106 II
2301 1063 2391 1107 sc.

619 1147 903 1212 Summa
948 1150 1147 1214 huius
1191 1149 1352 1214 facit
1400 1151 1695 1233 quinque
1743 1171 2007 1214 marcas
2054 1151 2163 1214 IX
2212 1172 2312 1234 gr.
2349 1173 2354 1178 ’

621 1255 791 1319 Item
839 1276 961 1339 pro
1007 1257 1246 1332 butir0,
1312 1257 1541 1332 caseis
1606 1259 1779 1321 lacte
1845 1258 2143 1341 quinque
2190 1277 2289 1341 gr.
2355 1259 2514 1321 item
2564 1278 2687 1340 pro
2732 1258 2982 1321 simelis
3028 1258 3076 1324 Ι,
3108 1279 3208 1342 gr.
3274 1259 3432 1321 item
3482 1278 3603 1343 pro

406 1362 672 1425 duobus
718 1364 1019 1427 curribus
1065 1364 1201 1427 feni
1246 1364 1355 1427 IX
1404 1385 1503 1448 gr.
1567 1365 1725 1427 item
1772 1385 1893 1446 pro
1957 1365 2219 1428 III-bus
2264 1347 2596 1429 mensuris
2661 1386 2875 1428 auene
2921 1366 3240 1429 tredecim
3289 1386 3379 1429 se.
3426 1366 3459 1427 Ι
3507 1385 3604 1450 gr.

404 1470 566 1533 item
616 1470 647 1532 I
696 1491 818 1534 vas
862 1471 1139 1535 ceruisie
1184 1472 1450 1554 proprie
1495 1474 1877 1536 braxature.

621 1578 793 1641 Item
840 1579 948 1642 die
995 1580 1329 1642 dominico
1376 1579 1855 1642 Penthecostes
1904 1579 2106 1663 (15s5)
2154 1602 2275 1663 pro
2323 1581 2637 1644 carnibus
2674 1581 2937 1644 bouinis
2973 1581 3270 1666 quinque
3307 1603 3395 1644 sc.
3443 1582 3600 1644 item

408 1704 533 1766 pro
580 1686 778 1768 pullis
814 1697 883 1750 et
927 1687 1117 1750 lardo
1162 1686 1265 1750 III
1302 1707 1393 1750 sc.
1439 1687 1597 1750 item
1644 1688 1883 1770 pisum,
1928 1688 2182 1751 milium
2231 1700 2423 1752 erant
2469 1688 2756 1770 propria,
2803 1688 2962 1751 item
3012 1689 3138 1771 ipsi
3184 1688 3608 1770 metropolito

408 1813 533 1874 pro
578 1793 871 1875 piscibus
918 1803 1053 1858 tres
1098 1815 1187 1858 se.
1234 1795 1393 1858 item
1442 1816 1565 1877 pro
1610 1796 1774 1871 ouis,
1819 1796 2057 1870 butir0‚
2102 1797 2277 1859 lacte
2316 1797 2383 1859 II
2420 1817 2511 1859 se.
2557 1796 2716 1859 item
2765 1815 2886 1878 pro
2931 1796 3205 1859 simellis
3241 1796 3275 1859 I
3313 1817 3402 1860 se.
3449 1796 3606 1858 item

408 1919 532 1980 pro
578 1902 845 1964 duobus
888 1903 1191 1966 curribus
1238 1902 1371 1964 feni
1419 1903 1715 1986 quinque
1762 1923 1849 1966 sc.
1914 1904 2073 1966 item
2140 1923 2263 1985 pro
2327 1903 2542 1968 tribus
2609 1903 2940 1966 mensuris
3005 1923 3222 1968 auene
3286 1903 3609 1966 tredecim

410 2026 499 2068 sc.
546 2007 581 2068 I
626 2029 727 2092 gr.

626 2115 799 2178 Item
846 2116 1010 2180 feria
1054 2120 1354 2181 secunda
1399 2121 1706 2201 sequenti
1754 2120 1956 2202 (16s5)
2004 2119 2091 2182 ad
2136 2119 2528 2201 prandium:
2589 2119 2746 2182 item
2797 2139 2919 2202 pro
2966 2119 3279 2183 carnibus
3325 2129 3612 2202 quatuor

415 2241 514 2304 gr.
560 2221 720 2285 item
766 2244 891 2306 pro
938 2225 1191 2288 lardine
1238 2237 1307 2288 et
1356 2227 1553 2307 pullis
1609 2225 1905 2308 quinque
1953 2247 2050 2310 gr.
2117 2227 2277 2289 item
2327 2248 2449 2308 pro
2494 2227 2642 2309 ipso
2690 2247 2812 2309 pro
2879 2227 3168 2308 piscibus
3233 2226 3614 2289 recentibus

414 2337 553 2391 tres
597 2350 687 2394 sc.
750 2331 909 2394 item
956 2352 1081 2414 pro
1125 2333 1288 2404 ouis,
1354 2333 1591 2405 butiro,
1658 2333 1869 2396 caseis
1934 2334 2231 2416 quinque
2279 2354 2378 2417 gr.
2445 2334 2603 2396 item
2669 2355 2792 2416 pro
2857 2334 3147 2408 simellis,
3214 2334 3388 2397 lacte
3443 2333 3475 2395 I
3522 2353 3611 2396 sc.

418 2435 578 2498 item
625 2456 747 2519 pro
792 2440 1061 2502 duobus
1106 2440 1409 2503 curribus
1465 2438 1601 2502 feni
1647 2440 1751 2502 IX
1805 2461 1904 2524 gr.
1968 2443 2127 2503 item
2177 2460 2297 2522 pro
2345 2441 2556 2504 tribus
2621 2440 2948 2503 mensuris
3014 2461 3227 2505 auene
3291 2441 3611 2504 tredecim

414 2562 504 2606 se.
550 2543 583 2605 I
631 2564 729 2629 gr.
3589 2605 3594 2608 .

631 2651 801 2714 Item
849 2651 1013 2716 feria
1059 2655 1263 2717 tercia
1300 2655 1607 2736 proxima
1644 2665 1799 2737 post
1834 2654 2081 2718 festum
2122 2655 2607 2719 Penthecostes
2645 2657 2846 2740 (17s5)
2893 2656 3168 2720 recessit
3213 2658 3297 2719 ad
3345 2665 3612 2720 noctem

416 2756 870 2832 Mechouz'am,
919 2761 1283 2845 equitando
1330 2763 1417 2824 ad
1463 2763 1808 2825 dominum
1857 2763 2153 2847 Regem.

628 2863 913 2932 Summa
956 2869 1151 2932 huius
1195 2867 1354 2932 facit
1398 2868 1578 2951 111¹J2
1638 2889 1797 2932 mar.

633 2974 803 3038 Item
851 2987 1227 3058 sequuntur
1273 2977 1624 3040 distributa
1679 2997 1801 3059 pro
1847 2979 2287 3060 expedicione
2335 2977 2698 3041 Clementis
2745 2979 3126 3063 cubicularij
3178 2979 3428 3042 domini
3475 2978 3615 3042 Re-

418 3079 527 3163 gis
573 3101 723 3144 cum
774 3083 1134 3147 vitreatore
1181 3100 1248 3146 et
1295 3085 1641 3167 organista
1688 3093 1755 3146 et
1800 3085 2001 3147 armis
2048 3105 2283 3148 versus
2330 3085 2772 3160 Lithuaniam,
2818 3084 2982 3150 feria
3027 3097 3223 3148 sexta
3268 3086 3334 3148 in
3374 3095 3616 3148 octaua

419 3186 735 3270 Corporis
782 3189 1028 3254 Christi
1074 3191 1295 3272 (27l5).
1342 3191 1516 3254 Item
1566 3191 1781 3273 primo
1828 3211 1952 3274 pro
1998 3193 2263 3255 duobus
2311 3193 2614 3256 curribus
2662 3193 2945 3278 magnis,
3010 3192 3078 3255 in
3126 3193 3370 3276 quibus
3415 3193 3617 3256 ducta

423 3306 584 3358 sunt
648 3299 1039 3372 necessaria,
1103 3318 1229 3362 sex
1277 3319 1437 3362 mar.
1506 3299 1650 3362 XII
1697 3319 1787 3362 sc.
1853 3300 2011 3362 item
2077 3320 2199 3381 pro
2265 3300 2442 3363 redis
2507 3308 2576 3363 et
2640 3301 2860 3363 cordis
2924 3300 3087 3364 alias
3139 3298 3504 3385 postronky
3551 3309 3620 3363 et

422 3415 708 3467 vnctura
754 3416 1047 3469 rotarum
1097 3415 1166 3469 et
1210 3417 1473 3469 tectura
1538 3407 1867 3470 dictorum
1917 3427 2230 3471 curruum
2278 3408 2312 3469 Ι
2361 3427 2521 3471 mar.
2587 3408 2744 3470 item
2812 3428 2933 3490 pro
2999 3409 3172 3470 vitro
3217 3406 3464 3470 ibidem
3513 3407 3619 3470 Li·

420 3510 785 3575 thwaniam
834 3515 919 3576 ad
966 3516 1339 3596 parandum
1388 3514 1719 3577 fenestras
1782 3525 1937 3577 octo
1985 3535 2145 3577 mar.
2192 3514 2339 3577 XII
2385 3534 2475 3578 sc.
2541 3515 2699 3578 item
2748 3534 2872 3597 pro
2918 3515 3054 3578 liris
3099 3513 3297 3577 fereis
3343 3516 3428 3577 ad
3475 3534 3620 3578 eas-

421 3620 578 3681 dem
624 3618 954 3684 fenestras
1000 3630 1157 3684 octo
1202 3642 1363 3684 mar.
1409 3623 1567 3684 item
1616 3641 1738 3704 pro
1787 3621 2123 3684 coloribus
2169 3624 2254 3685 ad
2306 3622 2810 3706 depingendum
2860 3622 2893 3684 I
2940 3642 3100 3685 mar.
3139 3620 3277 3684 VII
3323 3642 3412 3685 se.
3457 3621 3618 3684 item

425 3745 549 3807 pro
595 3729 911 3809 expensis
958 3728 1301 3792 vitreatori
1350 3739 1417 3791 et
1464 3729 1664 3791 vxori
1728 3729 2023 3792 eiusdem
2093 3729 2392 3812 quinque
2441 3749 2601 3792 mar.
2666 3729 2826 3792 item
2891 3750 3014 3811 pro
3080 3740 3368 3811 quatuor
3431 3729 3618 3792 indu-

424 3833 621 3896 metis
667 3854 1007 3898 armorum
1056 3838 1139 3899 ad
1189 3845 1477 3919 quatuor
1532 3837 1729 3909 viros
1794 3857 1927 3918 que
1992 3856 2176 3898 arma
2224 3855 2377 3898 cum
2447 3837 2699 3899 eisdem
2764 3838 2966 3899 rebus
3010 3837 3402 3899 transmissa
3447 3847 3620 3910 sunt,

424 3939 751 4004 XXVIII
791 3962 950 4005 mar.
1134 3941 1141 3948 ’

643 4049 815 4112 Item
862 4060 1236 4133 sequuntur
1280 4051 1630 4114 distributa
1696 4071 1818 4132 pro
1882 4050 2320 4132 expedicione
2385 4071 2712 4132 equorum
2780 4072 3017 4114 uersus
3083 4051 3485 4114 Posnaniarn
3534 4051 3620 4112 ad

432 4155 777 4220 dominum
830 4158 1126 4242 Regem,
1174 4177 1297 4240 per
1341 4157 1521 4242 Byol
1567 4158 1731 4220 feria
1788 4159 1993 4220 tercia
2044 4167 2194 4240 post
2240 4157 2482 4220 festum
2532 4156 2844 4240 Corporis
2891 4157 3127 4222 Christi
3175 4158 3412 4241 (31s5):
3460 4157 3620 4220 item

426 4284 551 4345 pro
596 4264 743 4327 XII
790 4265 1011 4336 frenis,
1058 4265 1385 4346 capiendo
1432 4265 1693 4327 stenum
1744 4285 1863 4347 per
1908 4275 2063 4327 octo
2112 4286 2210 4348 gr.
2276 4276 2343 4328 et
2389 4265 2534 4327 XII
2581 4265 2901 4347 capistris
2949 4265 3276 4347 capiendo
3322 4285 3443 4346 per
3488 4273 3622 4326 tres

428 4391 527 4454 gr.
575 4371 640 4434 in
689 4381 835 4435 toto
879 4371 1042 4437 facit
1088 4371 1231 4454 11¹[2
1294 4392 1453 4436 mar.
1520 4376 1677 4435 item
1729 4393 1850 4454 pro
1896 4374 2159 4435 duabus
2203 4373 2386 4435 sellis
2451 4373 2718 4436 duobus
2782 4371 3049 4435 famulis
3114 4371 3620 4454 quatuordecim

426 4499 516 4541 sc.
563 4479 723 4542 item
770 4500 892 4561 pro
940 4481 1207 4543 duobus
1252 4479 1525 4561 paribus
1573 4499 1919 4543 ocrearum
1966 4477 2250 4554 famuliS‚
2296 4480 2411 4562 qui
2458 4482 2796 4543 ducebant
2842 4500 3072 4561 equOS,
3119 4479 3262 4541 XII
3309 4497 3400 4541 sc.

640 4585 925 4650 Summa
969 4587 1167 4649 huius
1213 4587 1571 4668 columpne
1616 4585 1774 4650 facit
1819 4587 1989 4649 LXI
2037 4607 2197 4650 mar.
2244 4587 2483 4670 viginti
2532 4587 2702 4649 duos
2747 4596 2910 4649 scot.

642 4693 813 4756 Item
861 4694 1163 4776 sequitur
1208 4694 1563 4775 expedicio
1610 4694 1927 4757 Iohannis
1972 4693 2297 4778 Meysnar
2333 4694 2638 4777 pixidarij
2677 4695 2762 4756 ad
2802 4693 3146 4755 dominum
3195 4694 3434 4754 ducem
3485 4712 3622 4754 ma·
3718 4695 3724 4702 ’

429 4821 641 4884 gnum
688 4801 1041 4864 Lithuanie
1080 4822 1171 4864 ex
1218 4802 1539 4864 mandato
1585 4801 1839 4864 domini
1887 4801 2128 4885 Regis.
2222 4801 2392 4864 Item
2461 4821 2582 4882 pro
2648 4820 2825 4883 equo
2890 4799 3108 4862 eidem
3176 4798 3508 4881 pixidario
3556 4796 3622 4858 V

428 4927 592 4971 mar.
638 4908 794 4971 item
844 4929 1046 4991 super
1092 4928 1426 4991 expensas
1473 4908 1692 4971 eidem
1740 4920 1808 4970 et
1854 4929 2058 4990 super
2104 4908 2533 4991 expedienda
2595 4927 2716 4968 sua
2761 4906 3103 4969 necesaria
3168 4907 3254 4968 de
3301 4905 3626 4969 Cracouia

429 5012 531 5076 VI
578 5035 739 5078 mar.
784 5017 943 5078 item
982 5017 1179 5078 vxori
1218 5015 1373 5089 eius,
1422 5015 1579 5098 quia
1627 5015 1862 5077 nullibi
1906 5017 2221 5078 recedere
2259 5014 2473 5076 voluit
2516 5014 2717 5096 priUS,
2765 5034 2968 5096 quarn
3015 5013 3260 5076 habitis
3307 5013 3626 5096 expensis

428 5122 640 5196 vxori‚
687 5121 759 5184 II
802 5143 964 5185 mar.

643 5229 815 5292 Item
846 5231 1147 5312 sequitur
1175 5229 1301 5292 alia
1331 5229 1687 5311 expedicio
1724 5229 2147 5292 Lithuaniam
2190 5249 2312 5311 per
2347 5230 2637 5290 eundem
2681 5226 3107 5292 Climkonem
3148 5248 3299 5290 cum
3337 5225 3625 5310 scklomy

434 5335 912 5400 Tartharorum
960 5347 1028 5399 et
1074 5336 1329 5398 fossore
1398 5338 1741 5398 stallorum
1792 5337 2283 5407 canonicorum,
2330 5346 2483 5417 post
2529 5335 2771 5398 festum
2821 5335 3032 5398 sancti
3072 5335 3307 5415 Jacobi
3355 5335 3462 5396 die
3509 5337 3622 5396 do-

436 5444 678 5506 minica
726 5446 820 5525 (31
834 5445 961 5525 s7):
1028 5445 1182 5506 item
1251 5444 1367 5505 vni
1429 5442 1706 5506 armifici
1770 5443 2041 5506 nomine
2105 5444 2312 5525 Iurga
2375 5443 2545 5504 solui
2609 5463 2731 5524 pro
2789 5443 2980 5505 dictis
3042 5440 3354 5504 schlomz'z'
3386 5444 3622 5505 decem

438 5571 600 5614 mar.
648 5551 806 5614 item
855 5553 1042 5614 alteri
1089 5551 1360 5614 nomine
1407 5549 1679 5614 Stancel
1729 5551 1884 5612 dedi
1931 5551 2018 5613 ad
2064 5550 2433 5632 parandum
2485 5551 2698 5613 dictas
2741 5547 3028 5630 schlomy
3067 5549 3210 5630 V¹l2
3259 5569 3418 5611 mar.
3465 5549 3624 5610 item

450 5658 653 5722 fosori
701 5659 1061 5722 formatum
1113 5670 1180 5721 et
1225 5660 1570 5720 stallorum
1618 5658 2087 5721 canonicorum
2136 5679 2259 5740 pro
2306 5657 2622 5740 expensis
2678 5658 3002 5739 equitanti
3064 5657 3489 5720 Lithuaniam
3536 5675 3627 5717 ex

642 5799 931 5842 Hunument·
958 5799 1095 5842 modii
1121 5799 1221 5841 aevi
1264 5797 1437 5852 ’l'.‚XV.
3346 5779 3414 5830 66
