4592 6559
951 527 1331 592 REJESTRA
1377 525 1643 592 srAch
1690 525 1981 576 nwoRu
2028 511 2301 575 KRoLA
2347 525 2374 576 1
2421 511 2861 591 KROLOWEJ.
2919 532 3102 594 14¹7·
3500 531 3624 594 513

636 726 952 810 Mysconi
999 724 1173 812 dyak
1193 750 1219 788 .·
1262 726 1421 790 item
1468 747 1593 809 pro
1637 725 1931 810 piscibus
1975 725 2046 788 II
2090 745 2181 788 sc.
2227 725 2390 790 item
2437 745 2562 809 pro
2607 726 2759 790 oleo
2806 727 2840 790 I
2887 747 2987 812 gr.

635 834 959 918 Rynconi
1005 832 1199 910 Sucz,
1246 833 1601 910 Cocoreco,
1648 834 1993 918 Rumzyn,
2050 831 2315 908 Cosma,
2363 832 2748 908 Wlodconi,
2793 833 3142 918 Szyrdoni
3189 834 3475 899 Gelconi
3521 855 3628 900 ce-

420 941 719 1026 terisque
765 941 1143 1006 Ruthenis:
1208 942 1369 1005 item
1416 962 1541 1026 pro
1585 941 1880 1026 piscibus
1926 940 2310 1006 recentibus
2353 941 2536 1004 XIII
2580 961 2672 1005 sc.
2717 941 2877 1005 item
2923 963 3047 1025 pro
3093 941 3389 1026 piscibus
3435 943 3628 1008 siccis

418 1047 557 1112 VH
603 1059 773 1113 scot.

633 1155 929 1220 Notariis
973 1176 1129 1221 cum
1176 1156 1576 1240 capellanis:
1646 1155 1808 1220 item
1852 1175 1977 1239 pro
2022 1153 2318 1239 piscibus
2364 1156 2746 1220 recentibus
2793 1155 2894 1218 VI
2941 1177 3031 1220 sc.
3095 1155 3254 1220 item
3304 1178 3427 1240 pro
3473 1159 3628 1221 oleo

416 1264 489 1326 H
532 1283 629 1329 sc.
671 1265 836 1329 item
882 1285 1005 1348 pro
1051 1265 1300 1328 octuali
1346 1263 1623 1328 ceruisie
1668 1263 1816 1328 XII
1860 1283 1951 1327 sc.

632 1371 1033 1436 Falconistis
1078 1371 1397 1435 omnibus
1442 1371 1787 1436 videlicet:
1834 1371 1995 1434 item
2044 1370 2273 1433 Borisz
2321 1379 2461 1432 met
2508 1369 2704 1445 XIV,
2769 1370 2930 1434 item
2978 1372 3298 1446 Barsaba‚
3343 1369 3625 1435 Swatek

418 1479 774 1563 Bycouicz,
819 1479 1115 1564 Hywan,
1160 1479 1323 1543 item
1372 1477 1618 1554 GerdO,
1668 1478 2031 1562 VVloych,
2079 1477 2398 1552 Szedoth,
2453 1476 2720 1552 Cusma,
2785 1476 2946 1540 item
2993 1477 3372 1562 Sbythconi
3419 1478 3623 1555 Cana,

418 1586 579 1650 item
630 1586 989 1650 Wolczoni
1036 1596 1177 1650 met
1221 1585 1373 1662 1V0,
1434 1586 1597 1650 item
1644 1584 1994 1668 Stephano
2039 1594 2182 1648 met
2226 1583 2381 1660 111⁰,
2443 1585 2605 1648 item
2655 1585 2960 1650 Balaban
3009 1595 3147 1649 met
3194 1584 3413 1662 VIII⁰,
3459 1587 3620 1650 item

418 1693 631 1778 Czysz
678 1705 816 1758 met
860 1692 1017 1769 X10,
1061 1694 1223 1758 item
1272 1695 1452 1757 Bran
1490 1704 1631 1758 met
1665 1693 1865 1768 XIII,
1910 1694 2072 1756 item
2119 1693 2436 1776 predictis
2482 1694 2795 1756 omnibus
2838 1714 2961 1777 pro
3006 1693 3298 1777 piscibus
3343 1693 3622 1757 recenti·

415 1801 549 1864 bus
593 1801 627 1864 Ι
672 1821 873 1865 marc.
919 1801 1023 1865 III
1068 1821 1164 1865 sc.
1208 1801 1371 1864 item
1417 1821 1547 1885 pro
1590 1801 1885 1884 piscibus
1929 1800 2125 1864 siccis
2171 1799 2344 1863 VIII
2391 1819 2484 1863 sc.
2531 1800 2692 1861 item
2739 1815 2862 1882 pro
2907 1801 3062 1864 oleo
3083 1789 3088 1794 ’
3107 1799 3243 1864 VII
3290 1821 3380 1864 sc.

632 1907 928 1973 Gerdoni
974 1929 1131 1973 cum
1178 1908 1491 1972 omnibus
1536 1907 2010 1992 mangonibuS,
2056 1907 2633 1991 subagazonibus:
2681 1908 2842 1970 item
2887 1927 3010 1991 pro
3055 1907 3348 1991 piscibus
3391 1929 3620 1971 recen-

415 2015 597 2079 tibus
644 2016 831 2108 XXI
877 2036 967 2081 se.
1012 2016 1177 2080 item
1222 2037 1346 2099 pro
1392 2015 1687 2099 piscibus
1730 2015 1925 2078 siccis
1970 2014 2073 2077 VI
2088 2015 2151 2096 ¹s,
2210 2035 2301 2078 sc.
2346 2013 2506 2077 item
2553 2033 2676 2096 pro
2723 2015 2876 2078 oleo
2923 2015 3068 2096 II¹l2
3117 2035 3216 2078 sc.

631 2123 802 2185 Item
869 2123 1253 2187 Dederconi
1314 2143 1519 2205 super
1584 2121 1882 2187 falcones
1944 2143 2068 2205 pro
2115 2121 2182 2184 V
2228 2132 2297 2185 et
2346 2121 2412 2184 II
2479 2123 2808 2185 columbis
2871 2122 2904 2185 Ι
2918 2122 2982 2204 ¹l2
3040 2143 3128 2186 sc.
3191 2123 3350 2185 item
3416 2144 3618 2205 super

416 2230 585 2294 alios
627 2229 927 2294 falcones
972 2241 1043 2294 et
1088 2231 1444 2315 accipitros
1489 2251 1614 2314 pro
1659 2228 1909 2294 XVIII
1956 2230 2157 2312 pullis
2204 2239 2272 2292 et
2316 2229 2493 2293 VIII
2539 2230 2894 2293 collumbis
2939 2229 3040 2293 IV
3055 2230 3118 2311 ll„
3176 2251 3266 2294 sc.
3313 2229 3424 2294 IX
3470 2233 3622 2295 den.

632 2337 1089 2402 Venatoribus
1152 2338 1483 2414 omnibuS,
1546 2336 2000 2402 chrodnanom
2021 2361 2045 2398 .·
2109 2337 2268 2400 item
2335 2355 2460 2420 pro
2522 2336 2816 2420 piscibus
2881 2337 2982 2400 IV
2997 2338 3060 2419 ΙΙ,
3117 2357 3208 2401 sc.
3272 2337 3432 2400 item
3498 2358 3622 2420 pro

418 2445 573 2508 oleo
618 2444 649 2507 I
664 2445 725 2527 ¹l,
783 2466 873 2510 se.
920 2446 1080 2509 item
1128 2466 1251 2530 pro
1296 2445 1367 2508 V
1412 2445 1790 2509 octualibus
1836 2444 2118 2508 ceruisie
2165 2445 2253 2508 ad
2300 2442 2694 2507 effusionem
2741 2444 2810 2507 11
2826 2445 2888 2526 ΙΙ,
2948 2464 3151 2508 marc.

631 2550 917 2616 Summa
961 2552 1139 2618 diete
1184 2553 1407 2616 XXII
1453 2573 1655 2616 marc.
1702 2552 1735 2614 I
1781 2572 1872 2615 sc.
1918 2551 1952 2614 I
1990 2572 2092 2638 gr.
2139 2551 2247 2614 IX
2295 2553 2447 2615 den.

631 2659 987 2724 Dominica
1032 2658 1233 2724 Oculi
1279 2661 1501 2744 (14l3)‚
1564 2660 1701 2723 dno
1746 2660 1935 2744 Regi
2002 2661 2091 2724 ad
2134 2659 2512 2743 prandium,
2576 2660 2873 2742 hospites
2934 2659 3203 2735 habuit3
3270 2660 3432 2723 item
3499 2681 3622 2743 pro

418 2767 711 2850 piscibus
756 2767 1135 2831 recentibus
1200 2786 1356 2831 cum
1421 2767 1567 2830 aliis
1610 2767 1897 2850 propriis
1943 2766 1975 2828 I
2024 2786 2227 2830 marc.
2274 2766 2526 2830 XVIII
2571 2787 2664 2831 sc.
2726 2768 2889 2831 item
2938 2787 3061 2850 pro
3108 2769 3259 2831 oleo
3304 2767 3484 2831 XVI
3531 2787 3621 2831 sc.

417 2875 579 2938 item
626 2875 727 2938 VI
772 2875 1085 2939 octualia-
1106 2874 1426 2957 (ceruisie)
1472 2874 1761 2957 propria.

634 2982 793 3046 Dno
838 2982 1361 3046 marschalconi:
1408 2981 1570 3045 item
1616 3001 1743 3064 pro
1787 2980 2085 3064 piscibus
2128 2982 2514 3045 recentibus
2561 2981 2662 3044 VI
2708 3002 2798 3045 sc.
2845 2981 3004 3045 item
3050 3003 3174 3066 pro
3221 2983 3372 3046 oleo
3419 2983 3487 3046 II
3531 3003 3622 3048 sc,

418 3090 580 3152 item
626 3108 749 3171 pro
796 3089 1045 3153 octuali
1091 3087 1371 3153 ceruisie
1416 3087 1563 3152 XII
1610 3108 1703 3154 sc.

634 3196 809 3260 Duci
854 3195 1325 3280 Sigismundo:
1388 3196 1551 3259 item
1596 3215 1721 3278 pro
1770 3196 2061 3278 piscibus
2106 3195 2491 3259 recentibus
2540 3195 2640 3257 VI
2687 3215 2780 3259 sc.
2843 3196 3002 3260 item
3050 3216 3173 3278 pro
3221 3198 3371 3260 oleo
3417 3197 3484 3260 ΙΙ
3533 3218 3623 3262 sc.

417 3305 579 3367 item
624 3325 747 3386 pro
793 3303 1037 3368 octuali
1084 3303 1367 3368 ceruisie
1413 3303 1559 3367 XII
1605 3323 1695 3366 sc.

632 3411 811 3475 Duci
855 3410 1349 3474 Szemischoni:
1414 3411 1576 3474 item
1622 3430 1747 3493 pro
1792 3411 2088 3494 piscibus
2132 3409 2516 3474 recentibus
2561 3409 2664 3472 VI
2711 3431 2800 3474 se.
2845 3411 3004 3474 item
3051 3432 3176 3494 pro
3223 3412 3372 3476 oleo
3419 3413 3489 3476 II
3534 3433 3623 3476 sc.

416 3519 579 3582 item
625 3540 749 3602 pro
795 3519 1043 3583 octuali
1089 3519 1368 3583 ceruisie
1416 3519 1561 3581 XII
1608 3537 1703 3581 sc.
2425 3511 2436 3522 “

636 3626 809 3690 Duci
854 3627 1124 3710 Myclas
1170 3625 1551 3709 Opawsky:
1616 3625 1777 3688 item
1826 3644 1948 3707 pro
2011 3624 2307 3707 piscibus
2351 3625 2738 3688 recentibus
2785 3624 2888 3687 VI
2935 3645 3026 3688 sc.
3092 3625 3254 3688 item
3303 3647 3427 3709 pro
3472 3628 3622 3690 oleo

418 3733 489 3796 11
534 3753 625 3798 sc.
670 3734 836 3797 item
881 3753 1006 3817 pro
1052 3733 1302 3797 octuali
1348 3733 1627 3796 ceruisie
1675 3733 1820 3795 XII
1866 3751 1957 3795 sc.

633 3840 809 3904 Duci
854 3840 1168 3904 Bolconi:
1218 3841 1379 3903 item
1426 3861 1551 3922 pro
1598 3840 1889 3922 piscibus
1936 3838 2319 3902 recentibus
2366 3836 2466 3900 VI
2513 3859 2603 3903 so.
2649 3838 2808 3902 item
2855 3859 2979 3922 pro
3026 3840 3178 3902 oleo
3215 3840 3282 3903 II
3329 3861 3418 3904 sc.
3464 3841 3624 3904 item

418 3966 542 4029 pro
588 3948 835 4011 octuali
880 3947 1159 4012 ceruisie
1204 3947 1351 4010 XII
1396 3967 1490 4011 se.

644 4053 867 4140 Graby
921 4056 1008 4118 de
1055 4054 1383 4118 Holania:
1430 4055 1591 4118 item
1635 4075 1759 4136 pro
1803 4053 2099 4137 piscibus
2144 4053 2526 4118 recentibus
2571 4053 2673 4116 VI
2719 4073 2807 4116 sc.
2851 4054 3012 4116 item
3059 4075 3182 4137 pro
3228 4055 3380 4117 oleo
3426 4055 3494 4116 II
3532 4075 3626 4118 sc.

418 4161 581 4225 item
628 4183 749 4244 pro
794 4162 1039 4226 octuali
1084 4163 1363 4226 ceruisie
1412 4161 1559 4224 XII
1605 4183 1695 4226 sc.

637 4268 1242 4334 Vicecancellario:
1289 4269 1447 4332 item
1497 4289 1621 4352 pro
1657 4269 1950 4352 piscibus
1996 4269 2373 4332 recentibus
2411 4268 2513 4330 VI
2552 4288 2640 4331 sc.
2691 4268 2850 4331 item
2899 4289 3021 4350 pro
3069 4269 3312 4332 octuali
3349 4269 3628 4333 ceruisie

420 4375 569 4440 XII
614 4396 707 4440 sc.
750 4375 909 4440 item
959 4397 1081 4460 pro
1128 4377 1281 4440 oleo
1327 4376 1395 4439 Π
1441 4395 1534 4440 sc.

636 4483 1141 4568 Medyolansky
1179 4504 1333 4547 cum
1383 4483 1847 4548 thezaurariis:
1894 4483 2053 4545 item
2102 4502 2225 4566 pro
2270 4483 2566 4564 piscibus
2609 4483 2992 4545 recentibus
3029 4482 3132 4544 VI
3169 4503 3258 4546 sc.
3304 4483 3466 4546 item
3505 4503 3627 4566 pro

422 4592 573 4654 oleo
619 4590 687 4653 II
732 4611 823 4654 sc.
870 4591 1029 4654 item
1075 4611 1201 4674 pro
1246 4591 1493 4655 octuali
1540 4589 1816 4653 ceruisie
1864 4589 2009 4652 XII
2056 4609 2150 4653 sc.

637 4696 794 4760 Dno
840 4697 1221 4781 Sbyschoni
1268 4697 1762 4780 protonotario:
1829 4696 1985 4758 item
2036 4717 2159 4778 pro
2205 4695 2500 4778 piscibus
2565 4696 2948 4760 recentibus
2994 4696 3096 4759 VI
3143 4717 3232 4760 se.
3299 4697 3458 4759 item
3505 4717 3629 4781 pro

424 4805 575 4868 oleo
620 4805 691 4868 11
735 4825 827 4867 sc.
873 4804 1033 4867 item
1080 4824 1205 4887 pro
1251 4805 1499 4868 octuali
1545 4803 1825 4866 ceruisie
1872 4803 2020 4866 XII
2066 4823 2157 4866 sc.

637 4910 795 4973 Dno
838 4911 1203 4976 Wladconi
1250 4913 1337 4975 de
1380 4910 1771 4974 Walachia:
1836 4911 1995 4972 item
2062 4929 2185 4992 pro
2230 4911 2526 4992 piscibus
2570 4910 2950 4973 recentibus
2997 4909 3098 4972 VI
3145 4930 3237 4974 se.
3299 4911 3460 4974 item
3506 4931 3630 4994 pro

422 5019 576 5082 oleo
622 5019 691 5081 II
736 5039 827 5082 sc.
874 5020 1034 5082 item
1081 5039 1206 5103 pro
1254 5019 1499 5082 octuali
1547 5017 1827 5081 ceruisie
1873 5017 2020 5079 XII
2067 5037 2160 5081 se.

636 5125 794 5188 Dno
842 5125 1140 5189 Henrico
1188 5127 1273 5189 de
1320 5125 1567 5209 Rogow
1586 5149 1610 5186 .·
1655 5124 1814 5187 item
1861 5145 1985 5207 pro
2031 5124 2325 5206 piscibus
2364 5123 2466 5186 VI
2503 5143 2593 5187 sc.
2639 5123 2800 5186 item
2849 5145 2970 5206 pro
3016 5124 3168 5188 oleo
3215 5124 3283 5186 II
3329 5144 3418 5188 se.
3465 5125 3626 5188 item

423 5252 547 5315 pro
593 5233 839 5296 octuali
884 5233 1161 5296 ceruisie
1209 5232 1354 5297 XII
1404 5251 1494 5296 sc.

638 5339 893 5402 Mathie
944 5339 1245 5404 Bohemo
1289 5339 1569 5422 hospiti:
1636 5339 1795 5402 item
1846 5358 1967 5420 pro
2014 5338 2311 5420 piscibus
2355 5337 2456 5400 VI
2504 5358 2596 5403 sc.
2641 5339 2802 5401 item
2849 5358 2973 5421 pro
3020 5340 3172 5401 oleo
3218 5339 3287 5402 II
3331 5359 3422 5402 sc.
3469 5339 3630 5403 item

422 5466 547 5530 pro
592 5447 838 5510 octuali
883 5447 1163 5511 ceruisie
1210 5447 1354 5510 XII
1400 5467 1494 5510 sc.

637 5553 815 5617 Duci
860 5555 1215 5619 Romano:
1263 5555 1423 5617 item
1469 5573 1594 5635 pro
1615 5551 1621 5556 ’
1640 5552 1933 5635 piscibus
1970 5552 2073 5616 III
2112 5573 2202 5616 se.
2250 5553 2411 5617 item
2456 5572 2578 5635 pro
2615 5553 2768 5616 oleo
2805 5553 2838 5615 Ι
2876 5574 2965 5616 se.
3011 5553 3174 5616 item
3223 5573 3347 5636 pro
3385 5552 3632 5616 octuali

424 5661 705 5724 ceruisie
763 5663 857 5744 Ἄ,
902 5660 1006 5724 VI
1053 5680 1142 5725 sc.

638 5800 927 5844 noum-nu
952 5799 1091 5844 medii
1117 5799 1232 5842 uvi.
1262 5799 1313 5842 Τ.
1342 5797 1439 5842 XV.
3347 5785 3411 5849 65
