4592 6559
967 511 1088 556 212
1749 503 2129 569 REJESTRA
2183 503 2770 554 PODSKARBIEGO
2816 505 3148 555 HINCZKI.
3206 512 3386 572 1394.

964 708 1124 771 item
1173 727 1294 788 pro
1340 706 1658 788 expensis
1703 705 1818 768 dni
1878 705 2419 769 vicethesaurarii
2485 706 2853 768 sartoribus
2916 715 2984 768 et
3052 704 3297 768 familie
3364 707 3477 768 dni
3542 707 3764 792 Regis
3828 708 3893 769 in
3942 719 4163 772 castro

965 813 1409 888 manentibuS,
1453 813 1874 896 precedentis
1921 813 2294 896 septimane
2341 812 2375 876 I
2425 833 2627 876 mare.
2667 812 2850 875 XIX
2900 833 2988 876 sc.

965 922 1125 986 item
1171 920 1504 985 dominica
1550 921 1696 1003 ipso
1743 921 1852 984 die
1897 920 2044 984 festi
2091 941 2140 983 S.
2189 920 2395 984 Lucie
2442 919 2689 1003 (13l12)
2736 940 2858 1002 pro
2905 920 2937 983 Ι
2984 921 3151 984 cista
3206 922 3507 1003 paranda
3555 923 3878 1007 magistro
3924 923 4165 986 Szoth·

965 1030 1153 1093 lanth
1199 1027 1432 1092 artifici
1478 1049 1864 1092 mensuram
1913 1027 2000 1091 ad
2046 1028 2531 1110 imponendum
2582 1027 2953 1091 necessaria
3000 1029 3255 1112 regalia
3302 1030 3388 1093 ad
3438 1028 3633 1104 viam,
3680 1030 3945 1093 racione
3992 1051 4165 1093 mer-

967 1137 1150 1202 cedis
1195 1156 1317 1218 pro
1362 1135 1558 1199 inicio
1617 1136 1680 1216 ll,
1741 1155 1939 1199 marc.

967 1246 1127 1310 item
1173 1264 1296 1326 pro
1343 1244 1522 1306 dolio
1570 1244 1654 1306 ad
1703 1244 2180 1325 imponendum
2243 1244 2471 1307 caules
2540 1243 2943 1324 compositas
3010 1245 3095 1305 ad
3162 1242 3535 1307 faciendam
3603 1245 4049 1326 prouisionem
4102 1245 4166 1307 in

967 1354 1172 1417 domo
1219 1350 1761 1414 vicethesaurarii
1809 1350 1884 1412 X
1930 1371 2020 1414 sc.

969 1461 1127 1523 item
1175 1479 1298 1540 pro
1343 1457 1598 1521 XXIV
1643 1457 2042 1522 ferrimentis
2099 1458 2292 1521 dictis
2356 1454 2586 1519 schini
2639 1459 2725 1520 ad
2792 1478 3027 1521 currus
3091 1459 3203 1521 dni
3256 1459 3475 1542 Regis
3522 1459 3830 1533 thesauri,
3876 1461 3963 1522 ad
4010 1480 4167 1522 con-

972 1567 1368 1631 uencionem
1416 1585 1570 1630 cum
1620 1566 1826 1651 Rege
1870 1565 2174 1650 Vngarie
2221 1565 2325 1628 III
2370 1564 2514 1628 fert.

1185 1673 1466 1738 Summa
1513 1672 1650 1735 VII
1697 1692 1898 1737 mare.
1947 1673 1979 1734 I
2027 1673 2170 1736 fert.

1185 1782 1356 1846 Item
1404 1782 1688 1845 sabbato
1755 1781 2064 1863 Quatuor
2109 1794 2489 1863 temporum
2538 1780 2689 1844 festi
2736 1803 2785 1844 s,
2834 1783 3037 1846 Lucie
3088 1783 3334 1866 (19s12)
3382 1803 3502 1864 pro
3551 1783 3867 1863 expensis
3914 1783 4027 1845 dni
4075 1783 4173 1846 vi-

972 1889 1446 1956 cethesaurarii
1493 1901 1617 1951 ete.
1664 1889 2086 1970 precedentis
2132 1891 2507 1972 septimane
2556 1888 2621 1952 in
2670 1887 2995 1952 Cracouia
3040 1889 3233 1954 factis
3280 1890 3311 1951 I
3360 1910 3563 1952 marc.
3614 1889 3857 1953 XVIII
3906 1911 3993 1953 sc.

972 1999 1134 2062 item
1179 1996 1342 2059 feria
1389 1995 1491 2058 III
1540 1995 1604 2057 in
1653 1996 1945 2059 crastino
1992 2017 2044 2058 s,
2095 1997 2353 2060 Thome
2422 1998 2671 2081 (22s12)
2717 2017 2841 2079 pro
2888 1994 3087 2060 CXV
3136 1997 3310 2059 vinis
3360 1997 3491 2060 tele
3540 1998 3747 2060 crude
3795 1999 3881 2061 ad
3928 1999 4177 2062 subdu-

975 2106 1264 2170 cendum
1311 2113 1638 2167 tecturam
1685 2123 2001 2167 curruum
2077 2105 2404 2187 regalium
2466 2113 2531 2166 et
2595 2105 2681 2167 ad
2728 2104 2856 2168 alia
2904 2103 3277 2166 necessaria
3324 2106 3411 2167 ad
3458 2103 3981 2167 conuencionem
4027 2125 4175 2188 pre·

976 2213 1240 2286 dictam,
1291 2212 1675 2293 recipiendo
1724 2211 1950 2273 vlnam
2000 2231 2121 2294 per
2168 2211 2199 2273 1
2249 2232 2349 2296 gr.
2398 2231 2663 2275 summa
2710 2211 2777 2273 II
2825 2230 3027 2274 marc.
3075 2211 3219 2274 XV
3266 2231 3354 2274 sc.

978 2319 1132 2382 item
1183 2339 1306 2402 pro
1351 2318 1488 2380 VII
1534 2317 1933 2381 ferrimentis
1976 2317 2211 2392 schim}
2260 2319 2417 2401 quia
2463 2317 2825 2401 prescripte
2880 2317 3110 2382 scln'ne
3134 2313 3147 2324 ⁶
3174 2338 3307 2381 non
3376 2319 3813 2393 sufficiebant,
3880 2319 4176 2402 qualibet

979 2446 1102 2510 per
1147 2427 1248 2488 III
1296 2435 1505 2508 quart.
1554 2425 1621 2486 V
1667 2445 1756 2488 sc.
1805 2424 1838 2487 Ι
1887 2436 2100 2507 quart.

980 2536 1136 2598 item
1190 2533 1346 2597 feria
1398 2533 1498 2595 IV
1546 2533 1611 2595 in
1660 2532 1890 2616 vigilia
1938 2533 2164 2618 vigilie
2223 2533 2609 2597 Nativitatis
2674 2533 2917 2599 Christi
2986 2535 3231 2617 (23s12)
3296 2555 3419 2616 pro
3485 2536 3888 2598 mortareolo
3936 2536 4019 2598 de
4068 2555 4179 2598 ere

981 2643 1161 2712 facto
1209 2641 1388 2705 dicto
1433 2640 1756 2725 stampka‚
1825 2641 1909 2704 ad
1958 2643 2512 2704 contundendum
2578 2643 2849 2722 specieS,
2916 2641 3174 2704 radices
3238 2642 3301 2703 in
3372 2642 3688 2704 thesauro
3755 2642 3819 2702 in
3890 2642 3997 2704 via
4042 2643 4178 2706 dno

984 2752 1188 2834 Rege
1239 2748 1588 2822 existente,
1647 2749 1709 2828 ¹³¹2
1767 2768 2001 2833 sexag.

983 2859 1144 2920 item
1193 2876 1314 2940 pro
1362 2854 1429 2919 II
1477 2855 1687 2918 mitris
1735 2855 1942 2938 nigris
1987 2857 2122 2919 dno
2172 2857 2357 2940 Regi
2404 2857 2469 2919 in
2520 2855 2906 2920 Radossze‘ce
2962 2857 3047 2919 ad
3098 2857 3533 2919 venacionem
3586 2856 3800 2920 missis
3858 2857 3923 2919 11
3980 2876 4181 2919 mare.

983 2965 1313 3046 item-pro
1339 2964 1405 3025 II
1435 2962 1620 3026 libris
1648 2963 2042 3045 zynzyberis
2077 2965 2161 3026 de
2192 2965 2323 3027 alio
2354 2984 2622 3047 genere,
2674 2984 2873 3046 quam
2906 2964 3089 3046 prius
3126 2974 3396 3046 emptus
3442 2974 3563 3033 est,
3610 2965 3696 3026 ad
3725 2963 4069 3028 confectus
4096 2966 4183 3027 ad

985 3069 1510 3134 conuencionem
1539 3071 1910 3152 parandum
1940 3091 2063 3152 pro
2092 3071 2228 3132 dno
2257 3070 2461 3154 Rege
2492 3089 2643 3133 cum
2675 3071 2811 3134 dno
2843 3091 3006 3154 rege
3037 3070 3341 3154 Vngarie
3370 3073 3842 3133 celebrandam
3880 3071 3913 3133 I
3950 3091 4185 3154 sexag.

985 3180 1144 3243 item
1195 3197 1317 3260 pro
1365 3177 1433 3240 ΙΙ
1479 3177 1662 3240 libris
1718 3177 2088 3260 zynziberis
2153 3179 2236 3240 ad
2306 3176 2649 3240 confectus
2715 3178 2979 3260 regales
3048 3177 3111 3240 in
3184 3176 3471 3240 Korczz'n
3520 3178 3855 3260 parandos
3901 3199 4023 3260 pro
4071 3198 4185 3241 ore

987 3286 1101 3350 dni
1149 3284 1371 3370 Regis
1417 3284 1790 3366 specialiter
1839 3285 1869 3346 I
1917 3305 2116 3348 marc.
2165 3283 2264 3348 III
2318 3284 2461 3346 fert.

987 3394 1146 3457 item
1198 3412 1320 3475 pro
1367 3392 1588 3454 ollulis
1635 3394 1719 3454 de
1747 3393 1954 3476 ‘ligno
2000 3391 2192 3455 factis
2237 3394 2326 3455 ad
2371 3392 2850 3473 imponendum
2900 3392 3233 3473 predictos
3279 3392 3625 3456 confectus
3672 3393 3771 3455 III
3821 3413 3927 3476 gr.

1205 3499 1487 3563 Summa
1534 3498 1607 3560 X
1655 3519 1856 3562 mare.
1906 3499 1935 3560 I
1983 3497 2127 3562 fert.
2175 3499 2283 3579 1¹22
2345 3519 2443 3583 gr.

1207 3606 1375 3669 Item
1444 3625 1566 3689 pro
1633 3605 1810 3668 XIV
1875 3607 2058 3669 libris
2125 3606 2347 3670 czucn'
2398 3608 2486 3670 ad
2550 3607 2885 3688 predictos
2948 3605 3306 3680 confectus,
3371 3607 3755 3690 recipiendo
3818 3608 4189 3690 quamlibet

992 3715 1228 3779 libram
1276 3735 1397 3796 per
1443 3713 1594 3792 X¹,2
1653 3735 1740 3776 sc,
1788 3733 2052 3776 summa
2097 3713 2253 3776 facit
2302 3713 2401 3777 VI
2450 3734 2648 3777 marc.
2698 3713 2798 3775 VI
2846 3734 2943 3798 gr.

993 3823 1152 3886 item
1200 3841 1323 3902 pro
1371 3821 1400 3882 I
1449 3821 1618 3882 libra
1663 3821 2020 3903 cynamoni
2069 3823 2154 3883 ad
2201 3821 2538 3903 predictos
2585 3820 2928 3884 confectus
2988 3823 3048 3900 ¹,22
3108 3841 3341 3904 sexag.

997 3929 1153 3992 item
1203 3948 1324 4010 pro
1371 3926 1582 3991 saccis
1628 3928 1715 3989 ad
1762 3928 2244 4010 imponendum
2294 3929 2631 4010 'predictas
2676 3928 2935 4010 species
2981 3929 3012 3990 1
3060 3948 3149 3991 se.

996 4036 1156 4098 item
1205 4056 1326 4119 pro
1373 4034 1437 4096 II
1487 4033 1670 4097 libris
1715 4033 1927 4117 papiri
1975 4037 2060 4098 ad
2108 4037 2497 4098 thesaurum
2546 4035 2683 4097 VII
2732 4055 2830 4118 gr.

997 4143 1155 4205 item
1205 4161 1327 4223 pro
1373 4141 1524 4202 XX
1572 4141 1748 4204 vlnis
1793 4140 1996 4222 panni
2044 4141 2375 4205 brunatici
2422 4143 2557 4205 dati
2622 4143 2755 4205 dne
2824 4142 3095 4225 Regine
3162 4143 3247 4204 ad
3296 4163 3533 4205 vocem
3586 4143 3699 4205 dni
3747 4143 3986 4228 Regis,
4030 4144 4193 4206 reci-

999 4249 1246 4331 piendo
1293 4248 1520 4310 vlnam
1569 4267 1690 4329 per
1737 4247 1845 4309 XI
1891 4267 1981 4311 se.
2029 4269 2294 4311 summa
2342 4248 2450 4310 IX
2498 4269 2697 4311 marc.
2744 4247 2845 4330 VI
2893 4269 2994 4332 gr.

1000 4357 1172 4419 Item
1220 4375 1344 4436 pro
1391 4354 1492 4416 III
1540 4355 1970 4418 subducturis
2017 4356 2311 4437 pelliceis
2356 4355 2529 4418 datis
2593 4355 2803 4418 eciam
2853 4357 2985 4418 dne
3034 4357 3307 4440 Regino
3374 4358 3459 4420 ad
3506 4377 3743 4420 vocem
3792 4358 3907 4420 dni
3955 4357 4195 4441 Regis,

1001 4483 1286 4546 quorum
1335 4465 1468 4526 due
1516 4472 1708 4525 erant
1752 4463 1840 4526 de
1889 4474 2120 4526 ventre
2160 4461 2533 4547 popcle'czne
2596 4473 2663 4525 et
2709 4461 2913 4526 tercia
2977 4463 3063 4525 de
3127 4463 3283 4526 solis
3330 4463 3711 4528 huiusmodi
3760 4464 4043 4546 pellibus
4084 4469 4194 4549 po-

990 4567 1232 4654 pelz'czc
1277 4569 1478 4631 XLV
1525 4589 1726 4632 marc,

1002 4677 1162 4740 item
1210 4675 1468 4739 ciuibus
1521 4676 1996 4740 Ilcusiensibus
2063 4677 2250 4740 CXL
2318 4697 2593 4749 marcas,
2659 4698 2782 4760 pro
2847 4678 3093 4758 quibus
3156 4679 3403 4741 debent
3468 4680 3731 4742 soluere
3802 4679 4081 4745 totidem
4128 4680 4195 4743 in

1004 4783 1256 4869 grossis
1303 4782 1493 4847 CXL
1539 4803 1740 4847 marc.

1003 4893 1162 4956 item
1211 4911 1334 4974 pro
1379 4891 1734 4973 paracione
1781 4903 2239 4973 pretextatam
2288 4892 2689 4955 sericearum
2740 4893 2826 4954 ad
2874 4904 3267 4974 apparatum
3319 4895 3633 4957 sellarum
3681 4893 3795 4958 dni
3848 4893 4065 4978 Regis
4110 4896 4199 4958 ad

1007 4998 1532 5062 conuencionem
1581 5020 1734 5061 cum
1783 5019 1945 5084 rege
1993 4998 2295 5083 Vngarie
2358 5000 2418 5078 ¹¹2
2478 5019 2676 5063 mare.

1007 5107 1163 5170 item
1213 5125 1336 5188 pro
1383 5105 1620 5169 cistula
1665 5126 1845 5169 noua
1891 5117 1960 5170 et
2003 5105 2481 5170 reformacione
2548 5108 2819 5170 alterius
2866 5107 3099 5171 cistule
3148 5129 3227 5172 ac
3274 5107 3499 5172 altaris
3544 5109 3763 5173 viatici
3810 5111 3897 5173 ad
3942 5111 4199 5192 predic—

1005 5225 1144 5277 tam
1193 5213 1718 5276 conuencionem
1781 5214 1842 5294 ¹,l2
1903 5234 2101 5277 marc.

1007 5322 1164 5384 item
1213 5319 1377 5383 feria
1426 5320 1489 5381 V
1537 5322 1603 5383 in
1653 5322 1879 5404 vigilia
1927 5321 2311 5385 Natiuitatis
2360 5323 2598 5386 Christi
2650 5323 2895 5406 (24l12)
2944 5345 3065 5404 pro
3114 5323 3141 5386 I
3192 5326 3335 5388 loro
3398 5324 3616 5387 ferreo
3661 5325 3841 5389 dicto
3888 5324 4203 5407 wodzidla

1008 5429 1144 5492 dno
1193 5429 1376 5512 Regi
1425 5429 1510 5491 ad
1559 5429 1821 5491 frenum
1872 5428 2010 5493 VII
2055 5449 2147 5492 sc.

1225 5536 1506 5600 Summa
1553 5535 1774 5616 CCIV²
1833 5556 2033 5600 marc.
2081 5536 2218 5599 VII
2263 5559 2353 5601 sc.
2402 5538 2433 5600 I
2482 5559 2579 5621 gr.

1225 5643 1393 5707 Item
1445 5663 1565 5726 pro
1613 5643 1681 5706 II
1727 5643 1992 5707 rasoriis
2039 5644 2232 5707 dictis
2281 5643 2595 5730 brzytlzwae'
2629 5647 2763 5708 dno
2812 5645 2996 5732 Regi
3045 5646 3213 5709 VIII
3262 5669 3350 5712 se.
