4592 6559
756 481 1134 548 REJESTRA
1180 469 1608 544 wATRoBm
1655 481 2317 546 w1EL1<0RzAchY
2366 482 3025 536 KRAKowsKOEGO.
3083 491 3267 553 1419.
3484 491 3611 554 529

630 681 800 744 Item
849 703 972 765 pro
1017 683 1220 768 lignis
1263 684 1434 748 infra
1497 685 1627 748 hoc
1674 695 1958 766 tempuS,
2022 705 2144 768 per
2206 687 2391 768 quod
2453 686 2725 749 domina
2788 687 3065 772 Regina
3110 696 3179 752 et
3224 687 3496 750 quenis
3542 687 3611 750 in

416 785 742 851 Cracouia
785 788 1150 865 iacuerunt,
1196 792 1353 874 quia
1398 792 1583 876 ligna
1630 793 1714 855 de
1780 791 2041 856 decima
2086 790 2397 856 sufficere
2460 813 2597 857 non
2662 803 3042 876 potuerunt,
3085 795 3353 858 racione
3399 794 3612 869 huiuS‚

413 894 576 977 quia
621 916 802 961 anno
847 898 1140 979 presenti
1187 898 1544 963 invndacio
1591 919 1766 982 aque
1830 900 2128 964 maxima
2189 899 2470 985 vigebat
2535 910 2603 964 et
2648 901 2835 984 ligna
2881 901 3248 976 decim-alia,
3296 922 3429 984 que
3474 900 3615 964 fue·

415 1011 570 1065 rant
615 1014 1052 1089 congregata,
1097 1026 1220 1088 per
1263 1026 1510 1088 aquam
1557 1017 1716 1070 sunt
1761 1005 2021 1083 diffusa,
2065 1007 2240 1071 solui
2283 1007 2563 1092 triginta
2607 1028 2771 1072 mar.
2818 1028 2973 1073 cum
3020 1008 3201 1090 111¹s2
3259 1028 3420 1072 mar.

631 1109 802 1174 Item
849 1121 1157 1196 tempore
1202 1113 1626 1198 Carnispriuij
1677 1115 1833 1200 (1s3)
1880 1115 2006 1178 soli
2051 1115 2325 1178 domino
2391 1115 2581 1200 Regi
2624 1116 2691 1178 in
2750 1113 3066 1181 Cozmz'cze
3131 1116 3285 1179 dedi
3331 1117 3615 1198 quadra-

417 1214 609 1300 ginta
653 1237 932 1294 marcas,
979 1219 1114 1283 XL
1161 1241 1324 1284 mar.

632 1325 804 1390 Item
867 1327 990 1390 soli
1054 1328 1380 1412 magistro
1443 1328 1726 1392 Nicolao
1790 1329 2234 1404 Hinczowicz,
2302 1330 2561 1394 custodi
2608 1330 2904 1394 thezauri
2966 1330 3211 1414 regalis
3275 1332 3363 1393 de
3410 1350 3615 1393 censu

416 1431 632 1495 saneti
677 1433 951 1498 Martini
997 1435 1381 1499 Bochnensi
1427 1437 1582 1500 dedi
1628 1437 1755 1500 LII
1802 1457 1964 1500 mar.
2011 1437 2100 1500 ad
2144 1439 2539 1500 thezaurum
2566 1435 2627 1519 ¹).

635 1538 914 1604 Summa
962 1543 1158 1605 huius
1203 1545 1564 1626 columpne
1609 1543 1770 1607 facit
1815 1552 2086 1609 centum
2133 1544 2411 1628 triginta
2455 1545 2488 1607 Ι
2534 1565 2698 1609 mar.
2744 1546 3041 1628 quinque
3087 1555 3251 1610 scot.

633 1645 952 1731 Sequitur
994 1650 1203 1713 stacio
1250 1651 1502 1714 domini
1566 1651 1788 1736 Regis
1830 1652 2028 1715 simul
2074 1673 2228 1715 cum
2275 1653 2550 1716 domina
2594 1653 2871 1738 Regina
2936 1662 3005 1717 et
3048 1653 3275 1717 iuueni
3337 1654 3617 1739 Regina

414 1751 485 1814 in
534 1753 982 1820 Prosckouz'ce.

537 1923 544 1930 .
633 1860 802 1925 Item
867 1865 1153 1929 sabbato
1217 1868 1303 1930 ad
1367 1867 1722 1950 prandium
1785 1877 1942 1931 ante
2005 1867 2410 1931 dominicam
2476 1867 2675 1933 Oculi
2723 1868 2774 1950 (1
2790 1868 2923 1952 8s3)
2990 1888 3169 1931 anno
3233 1869 3364 1932 iam
3412 1869 3616 1944 XIX,

415 1967 636 2050 primo
681 1970 767 2033 ad
813 1972 1169 2054 coquinam
1217 1974 1468 2037 domini
1533 1974 1787 2058 Regis:
1853 1974 2013 2037 item
2079 1974 2296 2057 primo
2360 1995 2485 2057 pro
2547 1975 2842 2057 piscibus
2904 1975 3285 2038 recentibus
3330 1986 3619 2059 quatuor

415 2094 581 2140 mar.
627 2076 786 2140 item
833 2098 956 2160 pro
1001 2081 1296 2163 piscibus
1341 2081 1534 2144 salsis
1580 2081 1613 2144 I
1629 2080 1692 2162 ¹l2
1751 2101 1914 2146 mar.
1977 2083 2138 2146 item
2207 2103 2331 2165 pro
2396 2083 2736 2157 allecibuS‚
2782 2094 2858 2145 ut
2902 2083 3160 2164 patebit
3204 2083 3273 2146 in
3321 2092 3617 2166 aparatu,

416 2180 579 2245 item
628 2205 750 2266 pro
787 2187 938 2248 oleo
976 2188 1346 2270 papaueriS‚
1392 2198 1546 2252 octo
1593 2188 1792 2264 libris,
1838 2199 2128 2272 quatuor
2171 2199 2335 2252 scot.
2382 2189 2541 2253 item
2590 2210 2713 2272 pro
2751 2189 2929 2252 XVI
2976 2190 3159 2253 libris
3205 2190 3335 2254 olei
3382 2190 3620 2272 canapi

417 2289 598 2355 XIII
646 2313 744 2375 gr.
791 2313 916 2356 sex
962 2295 1114 2358 den.
1161 2295 1319 2358 item
1367 2316 1490 2378 pro
1537 2296 1956 2360 cruczmorka
1990 2296 2166 2360 VIII
2205 2318 2302 2379 gr.
2351 2298 2508 2360 item
2555 2318 2679 2379 pro
2717 2296 3085 2381 pas-bernak
3128 2307 3267 2360 tres
3312 2317 3410 2381 gr.
3458 2297 3617 2362 item

417 2397 932 2480 (pro)‚auenata‚
981 2403 1206 2465 medio
1253 2423 1412 2466 coro
1457 2401 1562 2465 IV
1575 2403 1640 2485 ¹l,
1699 2425 1798 2488 gr.
1845 2405 2001 2467 item
2052 2425 2174 2486 pro
2219 2404 2538 2467 lenticula
2583 2414 2721 2468 tres
2767 2425 2865 2488 gr.
2912 2404 3071 2467 item
3121 2405 3339 2487 pisum
3387 2414 3457 2468 et
3502 2407 3620 2467 mi·

414 2505 580 2569 lium
628 2518 820 2596 erant
865 2510 950 2573 de
997 2509 1240 2573 allodio
1288 2522 1358 2573 et
1404 2531 1586 2596 cepe,
1633 2513 1976 2594 raphanus
2022 2513 2242 2574 minor
2287 2521 2358 2575 et
2403 2512 2631 2585 maior,
2698 2511 2857 2574 item
2903 2532 3029 2594 pro
3076 2513 3351 2575 simellis
3399 2513 3474 2574 X
3520 2534 3619 2597 gr.

416 2611 579 2676 item
625 2634 752 2678 sex
799 2617 1086 2680 octualia
1135 2617 1432 2692 ceruisie,
1483 2619 1812 2700 capiendo
1858 2619 2206 2702 quodlibet
2241 2639 2364 2702 per
2402 2619 2511 2681 IX
2551 2639 2641 2683 sc.
2688 2621 2821 2682 due
2868 2640 3093 2683 marce
3140 2640 3297 2682 cum
3343 2619 3619 2695 fertone,

415 2719 574 2783 item
623 2742 745 2804 pro
792 2725 1013 2787 medio
1061 2726 1267 2788 choro
1313 2727 1668 2809 papaueris
1714 2737 1784 2789 et
1828 2748 1965 2791 vno
2012 2747 2174 2790 coro
2237 2727 2512 2791 seminis
2558 2727 2794 2808 canapi
2842 2727 2952 2789 IX
3000 2747 3100 2811 gr.
3146 2727 3305 2790 item
3354 2727 3617 2810 pistori-

417 2828 546 2891 bus
589 2831 966 2912 regalibus:
1031 2832 1191 2895 item
1237 2853 1362 2916 pro
1409 2834 1676 2897 duobus
1722 2834 1936 2898 saccis
1979 2833 2210 2909 farine,
2257 2854 2395 2896 vno
2460 2834 2715 2896 triticee
2780 2844 2848 2897 et
2894 2835 3025 2896 alio
3090 2834 3371 2918 siliginis
3416 2855 3621 2917 super

417 2935 590 3000 duos
636 2937 782 3000 dies
824 2939 890 3000 in
940 2938 1266 3003 Cracouia
1311 2942 1714 3023 comparatis
1760 2944 1846 3007 ad
1893 2951 2104 3005 totam
2161 2943 2531 3006 stacionem
2600 2941 3213 3016 Proschouiensem,
3280 2944 3413 3005 due
3460 2962 3621 3005 mar.

417 3042 654 3114 minus
684 3044 958 3122 fertone,
1005 3047 1164 3111 item
1213 3069 1336 3130 pro
1382 3048 1676 3131 piscibus
1721 3049 2100 3112 recentibus
2145 3049 2210 3112 in
2258 3050 2411 3112 oleo
2456 3048 2709 3112 friesari
2746 3069 2869 3130 pro
2907 3049 3181 3112 domino
3228 3049 3435 3133 Rege
3482 3069 3620 3112 me·

417 3149 530 3212 dia
571 3169 734 3218 mar.
779 3153 940 3218 item
987 3175 1109 3236 pro
1155 3155 1301 3218 XII
1346 3155 1528 3219 libris
1575 3157 1705 3219 olei
1749 3157 2105 3239 papaueris
2151 3156 2253 3218 VI
2300 3166 2463 3220 scot.

631 3259 752 3324 Ad
799 3262 1156 3344 coquinam
1204 3264 1475 3326 domine
1522 3264 1798 3348 Regine
1862 3274 1930 3327 et
1974 3264 2282 3327 quenis:
2346 3263 2507 3327 item
2555 3284 2677 3346 pro
2722 3263 3015 3345 piscibus
3059 3264 3437 3326 recentibus
3483 3275 3619 3327 tres

417 3385 664 3442 marce,
710 3367 870 3431 item
918 3390 1040 3452 pro
1086 3371 1381 3452 piscibus
1415 3372 1608 3434 salsis
1644 3380 1780 3433 tres
1815 3370 2130 3446 fertones,
2175 3371 2335 3434 item
2374 3392 2497 3453 pro
2544 3371 2881 3444 allecibuS,
2928 3381 3001 3433 ut
3046 3371 3303 3452 patebit
3348 3371 3413 3434 in
3462 3392 3618 3454 apa-

417 3482 586 3548 ratu,
629 3475 790 3538 item
837 3497 958 3558 pro
1005 3488 1294 3560 quatuor
1339 3479 1522 3546 libris
1589 3479 1718 3541 olei
1782 3479 2137 3561 papaueris
2184 3489 2475 3561 quatuor
2519 3499 2620 3561 gr.
2686 3479 2844 3540 item
2891 3499 3013 3561 pro
3061 3488 3214 3541 octo
3260 3479 3443 3541 libris
3490 3480 3617 3542 olei

417 3581 657 3663 canapi
701 3603 824 3664 per
865 3583 1012 3646 XV
1057 3586 1381 3662 denariOS,
1429 3606 1555 3648 sex
1603 3607 1730 3670 gr„
1767 3586 2124 3648 duodecim
2173 3588 2324 3649 den.
2390 3585 2548 3648 item
2616 3607 2737 3666 pro
2786 3585 3205 3648 cruczmorka
3251 3595 3321 3648 et
3356 3590 3617 3669 paster-

417 3687 558 3750 nak
601 3699 860 3772 septem
907 3711 1007 3775 gr.
1053 3691 1213 3754 item
1261 3713 1385 3774 pro
1429 3693 1702 3755 simellis
1748 3703 2038 3775 quatuor
2074 3714 2164 3756 se.
2211 3693 2373 3755 item
2420 3714 2543 3774 pro
2590 3712 2927 3774 papauere
2964 3703 3033 3754 et
3076 3693 3331 3755 semine
3380 3694 3617 3774 canapi

418 3794 495 3856 X
542 3816 641 3879 gr.
687 3796 844 3860 item
892 3818 1014 3881 pro
1063 3810 1352 3863 auenata
1399 3810 1466 3863 et
1514 3801 1676 3883 piso,
1734 3801 1916 3863 milio
1961 3801 2047 3863 de
2094 3800 2374 3882 allodiJS,
2439 3801 2599 3862 item
2646 3820 2768 3881 pro
2815 3800 3046 3862 maiori
3092 3801 3389 3881 raphano
3435 3801 3468 3862 I
3517 3821 3615 3884 gr.

415 3901 580 3965 item
627 3923 752 3985 pro
817 3905 1112 3989 quinque
1185 3907 1560 3972 octualibus
1635 3907 1930 3982 ceruisie‚
2004 3907 2354 3989 quodlibet
2416 3927 2537 3988 per
2600 3905 2709 3968 IX
2757 3926 2846 3970 sc.
2910 3908 3044 3970 due
3108 3926 3333 3969 marce
3397 3907 3617 3970 minus

417 4006 522 4071 VI
567 4029 668 4094 gr.

634 4117 804 4181 Item
853 4120 1138 4184 dietario
1184 4122 1273 4184 ad
1318 4121 1777 4185 distribuenda
1822 4122 2055 4206 dyeria
2101 4122 2384 4185 ducibus
2433 4131 2499 4184 et
2535 4121 2905 4204 dig-nitarijs
2952 4131 3021 4183 et
3066 4119 3461 4184 officialibus
3500 4123 3616 4184 do-

417 4225 581 4287 mini
626 4225 882 4310 Regis:
929 4227 1093 4291 item
1139 4249 1263 4311 pro
1309 4229 1604 4311 piscibus
1648 4229 2032 4293 recentibus
2079 4229 2211 4291 due
2259 4249 2422 4292 mar.
2468 4228 2629 4291 item
2678 4227 3025 4290 dimidium
3071 4229 3445 4291 secundum
3492 4249 3617 4290 vas

417 4331 698 4413 piscium
743 4335 1072 4398 salsorum
1119 4335 1221 4398 IV
1236 4336 1298 4416 ιΑ,
1359 4356 1520 4398 mar.
1567 4336 1678 4398 IX
1725 4357 1828 4420 gr.
1871 4337 2030 4399 item
2079 4355 2203 4418 pro
2249 4336 2563 4410 alecibus‚
2610 4345 2685 4397 ut
2719 4335 2976 4417 patebit
3012 4334 3078 4396 in
3118 4345 3415 4416 aparatu‚
3453 4335 3613 4398 item

417 4459 542 4521 pro
588 4442 758 4518 oleo,
803 4452 878 4506 ut
925 4444 1180 4526 patebit
1224 4445 1290 4506 in
1338 4454 1632 4527 apat-atu.

633 4548 802 4612 Item
849 4571 972 4632 pro
1017 4563 1307 4634 quatuor
1352 4551 1573 4615 choris
1617 4551 1758 4633 pisi,
1804 4551 2080 4634 quilibet
2123 4551 2372 4613 chorus
2418 4571 2539 4631 per
2573 4570 2701 4612 sex
2740 4568 2837 4633 gr.
2884 4549 2951 4610 in
2999 4557 3142 4611 toto
3188 4547 3349 4612 facit
3394 4549 3615 4613 media

419 4672 580 4724 mar,
625 4655 784 4718 item
832 4678 955 4739 pro
1002 4679 1136 4721 vna
1181 4679 1496 4722 mensura
1541 4658 1720 4720 milei
1765 4658 1986 4720 media
2031 4678 2192 4720 mar.
2239 4657 2401 4720 item
2443 4677 2563 4739 pro
2610 4656 3043 4718 mediotercio
3090 4657 3298 4719 choro
3342 4656 3615 4718 seminis

418 4762 656 4844 canapi
703 4763 924 4844 X111s„
984 4786 1082 4848 gr.
1147 4766 1306 4828 item
1353 4786 1477 4847 pro
1523 4785 1660 4828 vno
1707 4766 1912 4827 choro
1975 4764 2330 4847 papaueris
2396 4764 2583 4837 ferm,
2648 4764 2807 4825 item
2874 4783 2996 4843 pro
3062 4762 3336 4824 simellis
3400 4763 3613 4826 distri-

416 4868 705 4933 buendis
751 4871 887 4934 VII
935 4891 1034 4956 gr.
1108 4873 1268 4940 item
1317 4873 1553 4956 viginti
1617 4873 1907 4935 octualia
1972 4871 2250 4934 ceruisie
2316 4872 2402 4934 ad
2468 4870 3016 4943 distribuendum,
3081 4870 3429 4950 quodlibet
3495 4890 3616 4951 per

415 4975 528 5039 IX
573 4986 737 5041 scot.
785 4999 917 5061 que
963 4979 1032 5042 in
1077 4989 1220 5043 toto
1268 4979 1522 5043 faciunt
1569 4979 1706 5040 VII
1721 4979 1784 5060 ¹l2
1843 4999 2007 5042 mar.

636 5085 810 5148 Item
858 5085 1222 5150 falconistis
1267 5106 1392 5170 pro
1438 5087 1638 5169 pullis
1683 5096 1752 5149 et
1798 5086 2130 5149 columbis
2176 5085 2314 5148 VII
2360 5093 2523 5147 scot.

631 5189 916 5256 Summa
959 5193 1156 5257 huius
1202 5194 1333 5257 diei
1376 5192 1534 5258 facit
1580 5193 1950 5255 XXXIIII
1998 5213 2160 5255 mar.
2207 5193 2240 5254 I
2289 5213 2391 5275 gr.

629 5299 800 5362 Item
847 5300 956 5363 die
1001 5301 1338 5363 dominico
1385 5299 1582 5365 Oculi
1648 5300 1850 5384 (19s3)
1915 5320 2094 5362 anno
2161 5308 2234 5361 ut
2297 5319 2503 5380 supra
2565 5299 2814 5361 ibidem
2880 5299 2947 5361 in
3013 5297 3452 5362 Proschouz'ce
3518 5301 3608 5364 ad

411 5405 767 5486 prandium
815 5416 884 5470 et
927 5409 1016 5471 ad
1062 5408 1422 5490 coquinam
1486 5406 1742 5470 domini
1789 5407 2045 5488 Regis:
2111 5406 2270 5468 item
2338 5427 2461 5488 pro
2526 5407 2819 5487 piscibus
2885 5406 3266 5469 recentibus
3313 5406 3612 5489 quinque

756 5561 1052 5568 *.———...

634 5637 670 5705 ¹)
705 5643 831 5707 Pny
867 5643 928 5708 tej
968 5641 1155 5706 zapiscc
1192 5641 1343 5690 notka
1379 5657 1442 5689 na
1476 5640 1680 5702 brzegu:
1720 5639 1814 5688 hoc
1849 5640 1974 5688 aduc
2009 5655 2106 5688 non
2143 5647 2425 5704 posuerunt.

631 5762 917 5807 Monumonlu
945 5763 1080 5804 nnnudii
1109 5763 1219 5804 aevi.
1252 5763 1286 5802 T
1289 5792 1301 5804 .
1335 5762 1426 5805 XV.
3332 5747 3395 5806 67
