4592 6559
971 499 1105 560 304
1503 493 1882 559 REJESTRA
1928 494 2193 558 s‘rAch
2241 495 2533 545 nwonu
2582 481 2849 544 KROLA
2898 496 2925 544 1
2974 483 3409 560 KROLOWEJ.
3468 503 3651 562 1405·

968 693 1128 756 item
1177 713 1299 776 pro
1344 694 1520 758 lacte
1566 702 1636 756 et
1680 713 1906 758 crema
1951 694 2053 758 III
2099 696 2285 768 scoti,
2334 697 2489 758 item
2541 715 2662 778 pro
2708 695 2811 758 III
2848 695 3223 758 octualibus
3263 695 3541 758 ceruisie
3578 696 3664 760 de
3716 693 4013 758 Wirlicia
4050 715 4171 777 per

975 799 1144 864 VIII
1190 821 1277 864 sc.
1325 801 1358 864 I
1405 822 1568 866 mar.

1186 908 1359 972 Item
1406 910 1560 972 duci
1608 910 1922 974 Bolconi:
1969 911 2130 974 item
2177 930 2301 992 pro
2347 903 2641 993 piscibu's
2687 911 3067 976 recentibus
3104 907 3240 973 VII
3286 910 3473 983 scoti,
3519 910 3683 974 item
3720 930 3843 991 pro
3879 909 4174 992 piscibus

973 1015 1312 1100 stracfusz,
1361 1037 1650 1098 quorum
1697 1018 1730 1080 I
1777 1037 2012 1102 sexag.
2058 1038 2180 1101 per
2225 1017 2329 1080 III
2376 1038 2467 1080 sc,
2514 1018 2617 1080 ΙΙΙ
2665 1039 2753 1082 sc.
2800 1019 2957 1080 item
3006 1037 3130 1100 pro
3176 1018 3433 1080 cancris
3481 1016 3548 1080 II
3594 1018 3779 1092 scoti,
3845 1019 4005 1080 item
4051 1038 4175 1099 pro

971 1121 1084 1184 IIC
1129 1143 1432 1186 oworum
1480 1124 1582 1186 III
1629 1125 1794 1188 scoti
1841 1124 1950 1186 IX
1997 1145 2098 1208 gr.
2144 1125 2305 1188 item
2352 1145 2473 1206 pro
2520 1125 2652 1187 olla
2699 1125 2899 1190 butiri
2945 1123 3049 1187 ΙΙΙ
3096 1125 3279 1199 scoti,
3320 1125 3477 1188 item
3517 1145 3640 1206 pro
3678 1124 3709 1186 Ι
3750 1125 3995 1188 octuali
4032 1144 4175 1186 cer·

973 1230 1136 1293 uisie
1183 1229 1624 1296 Wisliciensis
1671 1231 1843 1294 VIII
1889 1233 2075 1296 scoti.

1188 1337 1357 1400 Item
1406 1339 1560 1402 duci
1607 1339 1989 1402 Bernardo:
2037 1339 2194 1402 item
2243 1359 2365 1421 pro
2412 1339 2707 1420 piscibus
2752 1339 3133 1402 recentibus
3170 1337 3273 1403 VI
3318 1340 3506 1414 scoti,
3550 1339 3712 1404 item
3759 1359 3883 1421 pro
3912 1338 3965 1402 C
3995 1359 4176 1402 owo-

973 1465 1122 1508 rum
1171 1445 1280 1526 I¹l2
1339 1456 1498 1510 scot.
1545 1447 1703 1510 item
1749 1467 1873 1528 pro
1919 1445 2072 1509 XX
2119 1445 2333 1510 caseis
2381 1446 2447 1508 II
2495 1448 2679 1520 scoti,
2734 1447 2894 1510 item
2942 1467 3064 1530 pro
3111 1445 3144 1508 I
3190 1447 3324 1510 olla
3371 1447 3567 1510 butiri
3616 1446 3719 1508 III
3766 1448 3950 1522 scoti,
4016 1447 4177 1510 item

975 1573 1097 1636 pro
1144 1552 1176 1614 I
1223 1553 1468 1616 octuali
1514 1553 1794 1616 ceruisie
1841 1551 1944 1617 VI
1989 1555 2173 1618 scoti.

1189 1659 1359 1755 Item
1408 1660 1562 1723 duci
1608 1659 2046 1744 Sigismundo
2094 1681 2248 1724 cum
2297 1661 2527 1726 Graba
2574 1662 2757 1726 socio
2822 1662 3059 1746 ipsius:
3126 1661 3285 1725 item
3357 1682 3480 1744 pro
3542 1661 3836 1744 piscibus
3898 1661 4183 1726 recenti·

975 1769 1104 1830 bus
1151 1767 1253 1830 III
1299 1768 1484 1844 scoti,
1530 1767 1688 1830 item
1737 1789 1860 1850 pro
1897 1769 2063 1832 owis
2109 1779 2179 1832 et
2223 1770 2453 1844 caseis,
2499 1771 2720 1833 butiro
2768 1770 2834 1832 II
2880 1770 3065 1843 scoti,
3127 1770 3287 1832 item
3353 1790 3475 1851 pro
3522 1769 3554 1831 I
3602 1769 3849 1834 octuali
3903 1769 4183 1832 ceruisie

976 1875 1081 1937 III
1129 1875 1314 1941 scoti.

1192 1984 1363 2047 Item
1411 1985 1809 2048 marsalconi
1857 1983 2194 2068 Sbigneo:
2243 1985 2404 2048 item
2452 2006 2574 2067 pro
2620 1985 2912 2067 piscibus
2957 1984 3341 2048 recentibus
3389 1981 3491 2047 VI
3528 1984 3715 2058 scoti,
3761 1985 3923 2048 item
3969 2004 4090 2065 pro
4128 1981 4185 2048 C

979 2111 1280 2154 oworum
1329 2090 1440 2172 ΙΙΙ,ἶ
1498 2101 1661 2154 scot.
1707 2090 1864 2154 item
1913 2112 2036 2174 pro
2083 2091 2226 2154 XII
2275 2092 2487 2154 caseis
2533 2092 2679 2172 11¹J2
2738 2113 2837 2175 gr.
2884 2092 3045 2154 item
3092 2112 3215 2175 pro
3262 2092 3395 2154 olla
3440 2091 3641 2154 butiri
3678 2091 3746 2154 II
3784 2091 3972 2162 scoti,
4019 2091 4181 2154 item

979 2219 1101 2280 pro
1149 2198 1181 2260 I
1227 2197 1474 2262 octuali
1521 2198 1800 2261 ceruisie
1847 2198 1949 2260 VI
1995 2201 2182 2262 scoti.

1195 2306 1366 2369 Item
1413 2307 1550 2368 dno
1597 2305 1878 2369 Nicolao
1937 2306 2519 2371 vicecancellafio:
2586 2308 2741 2371 item
2808 2327 2931 2388 pro
2993 2307 3289 2389 piscibus
3352 2308 3737 2370 recentibus
3802 2306 3937 2370 VII
4000 2306 4188 2379 scoti,

980 2414 1139 2477 item
1186 2433 1307 2495 pro
1354 2412 1408 2477 C
1455 2433 1778 2486 oworum,
1825 2413 1960 2477 olla
2003 2413 2203 2478 butiri
2252 2414 2353 2476 IV
2400 2415 2567 2480 scoti
2616 2415 2649 2478 I
2696 2435 2796 2498 gr.
2842 2415 3000 2478 item
3055 2434 3178 2497 pro
3226 2414 3369 2478 XII
3416 2414 3631 2478 caseis
3676 2414 3821 2495 11¹!²
3882 2435 3981 2500 gr.
4027 2415 4186 2478 item

980 2541 1102 2603 pro
1149 2519 1182 2583 Ι
1229 2520 1474 2584 octuali
1521 2519 1800 2584 ceruisie
1847 2521 1934 2582 de
1992 2518 2290 2584 Wzlvlz‘cz'a
2336 2520 2507 2585 VIII
2554 2523 2740 2586 scoti.

1195 2628 1364 2690 Item
1415 2628 1768 2700 RutheniS‚
1816 2628 1928 2710 qui
1979 2649 2110 2690 non
2161 2631 2527 2694 comedunt
2573 2650 2742 2701 owa,
2808 2629 2973 2692 feria
3018 2629 3119 2692 IV
3166 2649 3319 2693 cum
3378 2629 3774 2692 falconistis:
3844 2629 4004 2692 item
4062 2649 4189 2710 pro

980 2735 1273 2817 piscibus
1320 2735 1701 2798 recentibus
1748 2735 1893 2798 XII
1939 2735 2122 2809 scoti,
2171 2736 2331 2799 item
2381 2758 2503 2819 pro
2550 2737 2842 2818 piscibus
2887 2737 3078 2800 siccis
3127 2737 3225 2799 III
3274 2737 3460 2810 scoti,
3523 2737 3681 2800 item
3750 2757 3871 2818 pro
3926 2736 4187 2800 cancris

983 2843 1050 2909 II
1097 2843 1284 2906 scoti.

1196 2949 1367 3013 Item
1415 2950 1574 3024 aliis,
1643 2951 1756 3034 qui
1803 2953 2020 3014 solent
2067 2952 2421 3015 comedere
2468 2971 2636 3025 outa,
2702 2973 2903 3034 super
2949 2951 3159 3016 diaria
3211 2952 3547 3033 ipsorum:
3614 2951 3770 3014 item
3838 2971 3961 3034 pro
4026 2950 4187 3013 IIIC

982 3078 1282 3124 oworum
1334 3058 1442 3120 IX
1489 3079 1587 3141 gr.
1633 3058 1794 3122 item
1841 3080 1963 3141 pro
2012 3059 2112 3121 III
2160 3060 2308 3122 ollis
2354 3060 2552 3122 butiri
2600 3059 2700 3122 VI
2746 3061 2929 3134 scoti,
2976 3060 3135 3122 item
3183 3080 3305 3142 pro
3354 3059 3383 3122 Ι
3424 3079 3661 3144 sexag.
3698 3079 4052 3122 caseorum
4082 3057 4187 3121 VI

983 3167 1166 3240 scoti,
1212 3166 1370 3228 item
1418 3167 1756 3247 premissis
1801 3187 1924 3248 pro
1972 3167 2074 3229 ΙΙΙ
2122 3167 2497 3230 octualibus
2543 3168 2819 3230 ceruisie
2867 3169 2951 3230 de
3020 3165 3335 3242 Wklz'cz'a,
3383 3167 3625 3248 emptis
3671 3187 3792 3248 per
3821 3165 3992 3229 VIII
4020 3176 4187 3230 scot.

985 3273 1018 3336 I
1065 3293 1226 3336 mar.
1289 3273 1449 3336 item
1514 3294 1636 3355 pro
1701 3273 1928 3336 XXX
1994 3275 2190 3356 pullis
2254 3295 2458 3357 super
2520 3274 2831 3348 falcones
2899 3275 3178 3356 quilibet
3242 3275 3463 3357 pullus
3528 3295 3649 3356 per
3726 3275 3787 3353 ¹2'2
3866 3295 3965 3358 gr.
4031 3272 4191 3338 facit

987 3378 1122 3442 VII
1139 3381 1200 3460 ΙΙ,
1257 3391 1419 3444 scot.
4025 3453 4031 3458 ⁸

1202 3488 1371 3552 Item
1419 3493 1554 3551 dno
1601 3489 1787 3572 Regi
1835 3491 1920 3552 ad
1965 3509 2237 3552 cenam:
2285 3490 2443 3554 item
2494 3508 2615 3571 pro
2652 3489 2944 3570 piscibus
2989 3489 3367 3552 recentibus
3407 3489 3592 3552 XXI
3630 3489 3817 3562 scoti,
3862 3489 4023 3553 item
4060 3509 4186 3572 pro

987 3595 1132 3657 VIC
1180 3616 1484 3659 oworum
1531 3596 1640 3658 IX
1686 3596 1869 3669 scoti,
1915 3596 2074 3658 item
2122 3616 2245 3679 pro
2293 3596 2360 3658 II
2408 3597 2766 3679 sexagenis
2812 3616 3176 3669 caseorum,
3224 3596 3519 3677 quelibet
3556 3615 3907 3680 sexagena
3934 3616 4057 3680 per
4088 3595 4187 3660 VI

986 3714 1150 3768 scot.
1200 3703 1341 3765 XII
1389 3704 1573 3776 scoti,
1619 3703 1780 3766 item
1828 3724 1951 3786 pro
2000 3703 2099 3765 III
2147 3703 2294 3766 ollis
2341 3703 2537 3766 butiri
2578 3703 2677 3765 VI
2725 3705 2908 3777 scoti,
2956 3703 3115 3766 item
3162 3723 3285 3785 pro
3314 3705 3489 3766 lacte
3518 3714 3587 3768 et
3615 3723 3841 3766 crema
3871 3702 3973 3766 III
4000 3703 4187 3777 scoti,

985 3811 1144 3872 item
1173 3831 1296 3892 pro
1325 3810 1582 3874 cancris
1610 3809 1678 3872 II
1707 3811 1890 3885 scoti,
1919 3811 2079 3873 item
2110 3831 2231 3892 pro
2261 3810 2327 3871 V
2359 3810 2735 3874 octualibus
2762 3810 3041 3874 ceruisie
3069 3811 3155 3874 de
3197 3808 3513 3882 WLs-lz'cziz,
3543 3811 3892 3892 quodlibet
3921 3812 4186 3874 octuale

989 3937 1110 4000 per
1155 3917 1327 3981 VIII
1374 3927 1535 3981 scot.
1583 3919 2054 4000 comparandO,
2102 3916 2260 3981 facit
2303 3917 2484 3980 XVI
2530 3928 2690 3982 scot.

1201 4025 1376 4090 Item
1423 4026 1557 4089 dne
1602 4026 1875 4109 Regiae
1922 4027 2009 4089 ad
2056 4045 2329 4089 cenam:
2394 4025 2553 4088 item
2620 4045 2740 4106 pro
2787 4025 3080 4107 piscibus
3124 4025 3503 4088 recentibus
3550 4024 3729 4088 XVI
3775 4025 3959 4096 scoti,
4024 4025 4183 4088 item

989 4152 1111 4215 pro
1158 4132 1412 4196 cancris
1461 4132 1562 4196 ΙΙΙ
1607 4132 1790 4207 scoti,
1855 4132 2015 4196 item
2081 4153 2202 4214 pro
2249 4131 2395 4194 IVC
2444 4151 2748 4195 oworum
2798 4132 2896 4192 VI
2944 4133 3128 4206 scoti,
3195 4132 3351 4194 item
3417 4152 3540 4215 pro
3587 4131 3620 4194 I
3667 4151 3905 4216 sexag.
3960 4151 4187 4196 caseo-

989 4261 1138 4304 rum
1187 4239 1288 4302 VI
1335 4239 1519 4311 scoti,
1567 4240 1726 4303 item
1775 4260 1897 4323 pro
1944 4240 2120 4304 lacte
2166 4250 2234 4301 et
2277 4259 2506 4303 crema
2552 4238 2651 4301 IV
2700 4241 2884 4314 scoti,
2932 4241 3091 4302 item
3139 4259 3261 4322 pro
3307 4239 3465 4323 piris
3512 4251 3581 4303 et
3627 4240 3845 4321 pomis
3892 4238 3959 4302 II
4004 4239 4193 4314 scoti,

989 4349 1150 4413 item
1196 4368 1318 4431 pro
1365 4346 1431 4408 II
1479 4347 1628 4410 ollis
1673 4347 1872 4410 butiri
1919 4345 2064 4429 V¹J2
2123 4358 2286 4410 scot.
2333 4347 2491 4410 item
2541 4367 2662 4429 pro
2710 4346 2811 4408 III
2860 4347 3238 4410 octualibus
3283 4347 3561 4410 ceruisie
3597 4348 3683 4409 de
3736 4345 4034 4410 Wzlrlt'ct'a
4070 4366 4193 4429 per

990 4453 1164 4518 VIII
1209 4475 1299 4518 sc.
1346 4455 1379 4516 1
1427 4474 1586 4518 mar.

1205 4561 1487 4627 Summa
1533 4561 1711 4625 diete
1758 4560 2047 4624 XXVII
2097 4581 2258 4624 mar.
2306 4561 2415 4623 IX
2463 4561 2631 4624 scoti
2679 4560 2711 4622 I
2760 4581 2859 4644 gr.
2908 4560 3049 4623 XV
3097 4562 3246 4625 den.

1205 4669 1378 4733 Item
1425 4668 1590 4732 feria
1634 4666 1701 4728 V
1749 4669 1950 4752 (20l8)
1998 4670 2134 4731 dno
2182 4669 2371 4754 Regi
2417 4670 2502 4731 ad
2550 4668 2938 4750 prandium:
2987 4668 3144 4730 item
3182 4688 3305 4750 pro
3335 4669 3403 4732 II
3432 4668 3802 4750 pecoribuS,
3832 4667 3989 4750 quia
4016 4669 4190 4730 dnus

993 4777 1160 4858 Rex
1205 4776 1506 4858 hospites
1551 4775 1800 4850 habuit,
1866 4775 1975 4856 11],Β
2035 4796 2196 4840 mar.
2259 4777 2419 4839 item
2488 4796 2609 4857 pro
2658 4775 2787 4838 LX
2845 4775 3041 4857 pullis
3088 4775 3231 4837 XV
3276 4776 3461 4851 scoti,
3527 4775 3687 4839 item
3752 4777 3889 4838 duo
3952 4775 4193 4838 arietes

992 4885 1256 4969 proprii,
1304 4885 1463 4948 item
1512 4882 1614 4945 VI
1659 4903 2016 4966 capponeS,
2062 4883 2343 4966 quilibet
2387 4903 2603 4964 cappo
2649 4904 2769 4966 per
2814 4883 2926 4964 I¹l2
2986 4904 3085 4968 gr.
3130 4882 3289 4948 facit
3335 4882 3437 4945 IV
3483 4903 3570 4946 sc.
3618 4883 3651 4944 I
3696 4903 3799 4966 gr.
3862 4883 4020 4946 item
4069 4902 4191 4965 pro

993 4992 1094 5054 IV
1142 4992 1325 5056 aucis
1371 4991 1438 5054 II
1486 4991 1670 5060 scoti.
1735 4991 1896 5054 item
1944 5011 2064 5073 pro
2111 4991 2143 5053 Ι
2188 5011 2399 5072 perna
2442 4991 2610 5054 lardi
2656 4991 2766 5052 IX
2812 4991 2995 5066 scoti,
3060 4991 3220 5054 item
3286 5011 3409 5072 pro
3472 4991 3648 5054 lacte
3702 5000 3773 5053 et
3816 5009 4043 5054 crema
4089 4987 4189 5051 IV

993 5100 1178 5173 scoti,
1243 5099 1400 5162 item
1450 5118 1572 5180 pro
1620 5098 1687 5161 ΙΙ
1733 5098 1993 5183 sugillis
2040 5098 2109 5160 II
2158 5099 2345 5172 scoti,
2409 5099 2569 5161 item
2634 5118 2756 5178 pro
2803 5097 2905 5159 VI
2952 5098 3329 5162 octualibus
3375 5097 3653 5162 ceruisie
3717 5098 3803 5162 de
3872 5094 4189 5166 Wirlicziz,

994 5207 1236 5288 emptis
1282 5227 1402 5288 per
1447 5204 1619 5269 VIII
1666 5216 1890 5269 scotos
1936 5206 1967 5268 Ι
1985 5205 2046 5285 ¹l2
2105 5225 2349 5270 marca.

1209 5313 1382 5378 Item
1428 5315 1561 5376 dne
1610 5313 1885 5396 Regine
1950 5313 2034 5376 ad
2100 5313 2491 5394 prandium:
2557 5313 2717 5376 item
2782 5333 2905 5396 pro
2953 5313 2986 5376 I
3030 5333 3278 5396 pecore
3325 5313 3545 5376 XXII
3592 5313 3779 5387 scoti,
3841 5313 4004 5376 item
4068 5332 4191 5394 pro

995 5422 1129 5486 XL
1192 5421 1390 5505 pullis
1455 5421 1531 5482 X
1595 5420 1777 5496 scoti,
1843 5421 2000 5482 item
2065 5440 2188 5502 pro
2253 5420 2457 5484 ariete
2521 5419 2623 5482 III
2686 5420 2869 5494 scoti,
2934 5420 3091 5483 item
3158 5441 3283 5504 pro
3348 5420 3416 5482 Π
3480 5421 3665 5484 aucis
3722 5419 3755 5482 Ι
3800 5429 3963 5484 scot„
4028 5419 4187 5484 item

996 5529 1063 5593 II
1111 5548 1401 5610 capones
1447 5528 1556 5608 ΙΙΙ,
1613 5538 1775 5590 scot.
1839 5527 2000 5589 item
2047 5546 2171 5609 pro
2217 5527 2286 5590 II
2333 5527 2591 5610 sug-illis
2638 5527 2747 5606 1¹22,
2806 5537 2967 5590 scot.
3030 5528 3190 5590 item
3257 5548 3379 5609 pro
3442 5529 3619 5591 lacte
3682 5537 3753 5592 et
3806 5547 4033 5591 crema
4088 5525 4191 5589 IV
