4592 6559
1093 504 1470 568 REJESTRA
1521 502 2036 563 PODRZECTWA
2086 491 2747 553 KORCZYRSKIEGO.
2806 496 2986 569 1389.
3561 510 3639 571 95

447 703 754 786 purgatis
799 702 903 765 III
951 724 1048 787 gr.
1094 725 1218 786 pro
1264 702 1547 768 odroszlc'
1582 704 1615 766 Ι
1661 724 1760 789 gr.
1826 726 1950 785 pro
1998 706 2254 769 cancris
2322 706 2353 767 I
2418 714 2581 768 scot.
2628 726 2749 787 pro
2798 704 3214 767 cruczmorka
3259 704 3292 767 I
3339 726 3439 789 gr.
3484 705 3645 767 item

447 808 482 870 I
527 819 737 873 tunna
781 810 1068 873 allecum
1113 813 1295 893 prius
1341 821 1740 894 emptorum,
1785 822 1922 874 tam
1992 814 2079 876 ad
2144 811 2501 896 coquinam
2568 812 2680 876 dni
2728 812 2967 897 Regis,
3033 833 3235 895 quam
3300 813 3513 875 eciam
3560 814 3650 875 ad

449 915 686 979 omnes
730 918 1242 982 distribuciones
1289 928 1356 981 et
1403 938 1526 1001 pro
1572 921 1708 982 dno
1755 929 2188 1001 procuratore
2245 940 2399 982 cum
2446 919 2729 993 familia;
2778 920 3017 982 iterum
3066 919 3281 1002 pisces
3329 920 3485 983 salsi
3539 940 3648 983 su-

447 1044 570 1106 per
613 1042 850 1089 omnes
896 1026 1406 1089 distribuciones
1454 1035 1521 1087 et
1565 1026 1672 1089 hic
1723 1036 1824 1089 est
1870 1027 2000 1089 iam
2049 1026 2200 1109 finis
2244 1027 2525 1109 piscium
2564 1029 2928 1101 salsorum;
2976 1028 3215 1091 iterum
3254 1028 3490 1110 pisum,
3530 1027 3648 1090 mi-

448 1130 648 1205 leum,
695 1132 938 1207 oleum,
985 1154 1150 1217 cepe
1197 1142 1264 1196 et
1310 1132 1439 1197 alia
1483 1134 1668 1215 prius
1715 1144 1976 1217 empta;
2041 1134 2282 1197 iterum
2331 1135 2431 1198 IV
2480 1156 2643 1198 vasa
2690 1135 2965 1199 ceruisie
3013 1138 3099 1197 ad
3146 1136 3486 1198 cellarium
3535 1136 3648 1199 dni

447 1237 692 1323 Regis,
736 1240 980 1304 iterum
1027 1243 1114 1304 ad
1161 1262 1394 1305 omnes
1442 1242 1954 1305 distribuciones
2000 1242 2064 1301 V
2113 1263 2278 1304 vasa
2326 1243 2602 1307 ceruisie
2649 1243 2915 1326 proprie
2962 1253 3197 1317 toturn,
3244 1244 3483 1326 pisum,
3529 1243 3647 1307 mi-

447 1346 630 1409 leum
677 1356 746 1411 et
791 1348 920 1411 alia
965 1348 1147 1431 prius
1195 1358 1422 1431 empta
1465 1348 1624 1430 ipsis
1671 1350 2042 1423 debantur3
2107 1370 2228 1431 pro
2283 1351 2713 1413 straminibus
2760 1351 2949 1434 equis
2996 1351 3110 1413 dni
3157 1352 3397 1436 Regis,
3444 1373 3647 1435 quam

447 1454 660 1517 eciam
708 1456 794 1517 ad
859 1458 1356 1521 comedendum
1422 1466 1490 1519 et
1535 1450 1622 1519 ad
1669 1458 2058 1520 struendum
2125 1456 2379 1520 famulo
2448 1457 2816 1521 Corebonis
2879 1459 3325 1543 subagazonis
3371 1460 3440 1522 II
3487 1470 3649 1522 scot.

445 1561 608 1625 item
655 1564 743 1625 ad
789 1564 1133 1629 tezauru'm
1182 1565 1296 1629 dni
1342 1564 1564 1648 Regis
1610 1564 1906 1628 medium
1953 1564 2245 1647 lapidem
2295 1585 2447 1628 cere
2491 1586 2615 1647 pro
2662 1565 3043 1630 luminibus.

661 1668 961 1735 Henrico
1007 1672 1358 1736 falconiste
1404 1692 1558 1735 cum
1597 1672 1808 1747 sociiS,
1847 1672 2222 1736 falconibus
2270 1683 2339 1734 et
2375 1672 2703 1755 accipitris
2742 1673 2809 1736 II
2846 1684 3009 1737 scot.
3048 1674 3287 1736 iterum
3338 1674 3425 1736 ad
3461 1695 3647 1738 man-

445 1777 677 1840 datum
724 1779 1013 1861 speciale
1060 1790 1128 1843 et
1171 1780 1528 1863 personale
1576 1779 1690 1842 dni
1737 1778 1958 1863 Regis
2006 1780 2310 1842 Henrico
2376 1779 2727 1844 falconiste
2776 1790 2843 1843 et
2882 1781 3176 1860 Johanni
3222 1780 3477 1844 famulo
3522 1802 3646 1845 suo

445 1903 568 1967 pro
614 1888 1060 1971 exempcione
1105 1890 1192 1951 de
1237 1887 1539 1969 hospicio
1587 1887 1890 1950 Wislicie
1939 1887 2066 1949 ciui
2113 1887 2396 1950 Nicolao
2444 1884 2563 1973 I¹s2
2614 1908 2816 1951 marc,
2881 1888 3123 1950 iterum
3194 1888 3410 1952 eidem
3460 1888 3647 1951 Hen-

444 1992 582 2055 rico
626 2013 752 2076 pro
798 2014 976 2077 equo
1023 1995 1261 2059 coloris
1298 1992 1502 2080 ploui
1536 1994 1689 2057 dedi
1737 1994 1838 2055 IV
1887 2014 2086 2057 marc.
2151 1994 2397 2057 iterum
2464 1997 2702 2058 eodem
2770 1996 2877 2058 die
2924 1996 3011 2058 ad
3060 1997 3452 2059 mandatum
3498 2017 3646 2078 spe-

445 2100 612 2163 ciale
657 2101 772 2165 dni
837 2102 1060 2186 Regis
1117 2104 1253 2167 dno
1319 2104 1572 2167 Chome
1637 2101 1959 2183 pallatino
2024 2102 2424 2183 Lythwanie
2490 2122 2761 2166 currum
2828 2123 3082 2165 nouum
3140 2102 3315 2165 ferro
3363 2124 3453 2165 ex
3501 2112 3644 2167 toto

444 2207 948 2285 circumdatum,
995 2230 1150 2274 cum
1197 2220 1459 2275 tectura
1504 2208 1724 2272 flauea
1769 2211 2104 2273 subducta
2149 2211 2286 2273 tela
2332 2210 2505 2285 dedi,
2551 2211 2701 2274 loco
2750 2210 2937 2273 cuius
2983 2230 3217 2274 currus
3281 2211 3425 2293 ipse
3472 2213 3646 2275 dnus

442 2316 610 2379 Rex
657 2317 845 2381 iussit
892 2328 960 2381 et
1003 2318 1160 2384 fecit
1207 2319 1408 2382 alium
1457 2338 1725 2383 currum
1775 2316 1935 2381 mihi
1983 2319 2205 2381 denuo
2251 2338 2609 2400 preparare
2658 2328 2725 2381 et
2771 2318 3097 2392 ordinare,
3146 2318 3335 2381 cuius
3382 2319 3645 2401 empeio

441 2422 612 2487 infra
655 2426 946 2506 patebit;
995 2428 1082 2490 ad
1139 2426 1648 2490 distribuciones
1716 2425 1904 2507 equis
1951 2424 2068 2487 dni
2115 2425 2337 2509 Regis
2403 2435 2469 2487 et
2533 2425 2935 2489 curiensium
3004 2426 3209 2508 ipsius
3256 2426 3391 2488 XL
3436 2446 3645 2491 mens,

441 2552 656 2595 auene
702 2543 770 2596 et
815 2534 1044 2597 fenum
1091 2534 1455 2617 proprium,
1499 2533 1742 2596 iterum
1792 2532 2048 2596 lumina
2091 2533 2364 2615 propria
2408 2552 2532 2615 pro
2580 2533 2894 2596 omnibus
2940 2533 3178 2596 diariis,

653 2639 774 2704 Ad
817 2650 1031 2704 totam
1079 2641 1258 2705 diem
1306 2641 1442 2704 dno
1487 2640 1902 2721 procuratori
1963 2650 2031 2703 et
2076 2639 2639 2732 viceprocuratori
2704 2660 2857 2703 cum
2922 2639 3173 2703 familia
3220 2642 3453 2704 castri:
3520 2662 3643 2724 pro

439 2746 732 2829 piscibus
778 2749 1160 2812 recentibus
1203 2748 1315 2811 XI
1362 2768 1460 2833 gr.
1529 2768 1652 2829 pro
1710 2746 1983 2822 cancriS,
2031 2746 2316 2811 odroszlz'
2369 2758 2436 2810 et
2482 2747 2661 2830 rapis
2707 2746 2773 2807 V
2822 2758 3034 2830 quart.
3080 2748 3241 2811 item
3290 2747 3342 2811 C
3391 2748 3643 2823 allecia,

437 2854 674 2936 pisum,
721 2857 948 2919 oleum
994 2866 1064 2920 et
1109 2857 1239 2919 alia
1293 2856 1478 2938 prius
1525 2865 1772 2937 empta,
1835 2854 2075 2918 iterum
2125 2856 2160 2917 I
2205 2876 2328 2918 vas
2394 2854 2713 2937 (ceruisie)
2780 2854 3220 2931 braxacioniS,
3287 2876 3409 2938 pro
3456 2858 3644 2940 equis

437 2962 504 3023 II
551 2981 760 3027 mens
810 2984 1026 3027 auene
1071 2963 1255 3047 prius
1303 2973 1547 3047 empte.

651 3070 936 3135 Summa
981 3072 1111 3135 diei
1156 3072 1270 3135 IX
1313 3092 1512 3135 mare.
1560 3071 1672 3134 IX
1716 3080 1878 3133 scot.
1926 3070 2029 3133 III
2075 3078 2288 3154 quart.

651 3179 849 3243 Feria
894 3180 962 3243 H
1011 3178 1167 3264 (5l4)
1216 3182 1301 3242 ad
1347 3179 1705 3261 prandium
1752 3181 1888 3243 dno
1936 3178 2126 3264 Regi
2174 3200 2329 3242 cum
2395 3198 2518 3242 sua
2564 3178 2781 3241 curia:
2848 3198 2972 3259 pro
3019 3177 3311 3260 piscibus
3360 3178 3642 3243 recenti-

435 3284 566 3348 bus
609 3286 677 3349 11
725 3307 924 3350 marc.
973 3286 1076 3351 III
1123 3301 1223 3373 gr.
1270 3308 1396 3369 pro
1441 3284 1725 3350 odroszlz'
1757 3287 1790 3348 I
1842 3308 1941 3371 gr.
1990 3296 2058 3350 et
2122 3288 2459 3370 gruellum
2524 3285 2886 3370 proprium,
2932 3306 3056 3367 pro
3104 3286 3522 3349 cruczmorka
3569 3297 3640 3350 et

426 3391 792 3477 pastinaka
836 3396 871 3457 I
915 3406 1080 3458 scot.
1126 3395 1366 3459 iterum
1415 3395 1448 3457 I
1495 3404 1707 3458 tunna
1744 3396 2030 3457 allecum
2068 3404 2208 3457 tarn
2247 3397 2334 3457 ad
2373 3394 2728 3477 coquinam
2769 3393 2883 3458 dni
2922 3393 3145 3478 Regis
3183 3414 3386 3477 quam
3427 3394 3637 3457 eciam

437 3501 524 3563 ad
570 3520 806 3565 omnes
852 3502 1363 3567 distribuciones
1417 3503 1602 3586 prius
1650 3513 1893 3586 empta,
1939 3503 2177 3585 pisum,
2240 3502 2535 3575 mileum,
2600 3502 2825 3565 oleum
2875 3510 2943 3563 et
2989 3500 3119 3563 alia
3161 3501 3346 3583 prius
3392 3511 3636 3585 empta,

435 3608 675 3672 iterum
723 3609 792 3672 II
838 3631 1006 3675 vasa
1050 3610 1328 3673 ceruisie
1384 3611 1471 3672 ad
1519 3610 1862 3674 cellarium
1929 3610 2044 3673 dni
2107 3610 2333 3694 Regis
2396 3608 2661 3691 proprie
2724 3608 3172 3684 braxacioniS,
3239 3609 3481 3672 iterum
3529 3608 3631 3671 IV

432 3734 600 3779 vasa
644 3718 924 3781 ceruisie
990 3738 1193 3801 super
1259 3737 1494 3780 omnes
1561 3717 2069 3780 distribuciones
2133 3717 2417 3799 proprie,
2480 3717 2716 3799 pisum,
2784 3716 3060 3779 mileum
3128 3726 3195 3778 et
3261 3716 3389 3779 alia
3454 3717 3636 3799 prius

435 3832 662 3906 empta
706 3825 866 3907 ipsis
911 3825 1262 3899 dabantur,
1307 3824 1499 3907 panis
1547 3826 1740 3888 albus
1787 3834 1855 3887 et
1899 3825 2095 3909 siligo
2134 3825 2271 3887 dno
2308 3824 2497 3907 Regi
2534 3834 2602 3886 et
2638 3843 2763 3906 pro
2801 3822 3387 3887 distribucionibus
3426 3824 3635 3888 omni-

433 3932 560 3995 bus
605 3933 911 4015 proprius
974 3933 1279 4005 dabatur,
1355 3934 1597 3997 iterum
1645 3932 1899 3995 lumina
1943 3932 2211 4013 propria
2273 3950 2399 4013 pro
2462 3930 2773 3994 omnibus
2830 3930 3417 3993 distribucionibus
3479 3942 3637 3995 sunt

433 4038 608 4113 data,
672 4040 913 4102 iterum
967 4038 1046 4127 ¹l2
1095 4041 1388 4122 lapidem
1437 4041 1580 4122 sepi
1625 4059 1747 4122 pro
1795 4039 2034 4121 lampis
2089 4048 2157 4101 et
2203 4038 2482 4101 canibus
2540 4038 2928 4111 nutriendis,
2974 4057 3096 4120 pro
3162 4038 3634 4102 distribucione

432 4164 761 4229 equorum
808 4146 942 4209 XL
989 4166 1201 4210 mens,
1249 4167 1467 4210 auene
1513 4147 1698 4228 prius
1747 4158 1990 4230 empte.

645 4254 764 4317 Ad
810 4254 1165 4337 prandium
1215 4255 1350 4318 dno
1398 4254 1813 4337 procuratori
1852 4266 1920 4318 et
1957 4254 2522 4336 viceprocuratori
2570 4273 2724 4316 cum
2763 4252 3012 4316 familia
3059 4254 3295 4317 castri:
3340 4273 3467 4336 pro
3502 4253 3631 4335 pis-

432 4362 622 4427 cibus
667 4361 858 4425 salsis
905 4371 974 4425 et
1019 4361 1401 4426 recentibus
1464 4362 1577 4425 IX
1641 4382 1740 4447 gr.
1803 4383 1927 4445 pro
1984 4362 2160 4446 rapis
2226 4370 2294 4424 et
2358 4357 2644 4424 odroszlt‘
2677 4360 2781 4423 III
2829 4370 3042 4443 quart.
3091 4360 3251 4423 item
3302 4360 3353 4423 C
3401 4361 3634 4425 allecia

430 4454 616 4552 prius
661 4482 904 4554 empta,
952 4471 1193 4534 iterum
1239 4470 1476 4553 pisum,
1524 4470 1798 4534 mileum
1847 4479 1913 4533 et
1959 4470 2088 4532 alia
2135 4470 2319 4552 prius
2356 4478 2603 4551 empta,
2650 4468 2889 4530 iterum
2927 4468 2959 4529 I
2997 4488 3119 4530 vas
3158 4469 3437 4531 ceruisie
3482 4488 3631 4551 pro-

431 4578 590 4661 prie,
653 4598 776 4660 pro
841 4579 1032 4662 equis
1098 4579 1164 4641 II
1212 4598 1420 4642 mens,
1486 4597 1724 4640 auene.
1768 4587 1836 4640 et
1881 4576 2109 4640 fenum
2156 4575 2517 4660 proprium,
2583 4575 2959 4639 falconibus
3025 4585 3091 4636 et
3138 4574 3466 4656 accipitris
3510 4596 3631 4657 pro

430 4686 631 4768 pullis
676 4686 744 4748 II
790 4696 954 4750 scot.
1002 4687 1243 4750 iterum
1290 4706 1412 4768 pro
1458 4685 1527 4748 II
1572 4686 1792 4748 bobus
1845 4685 1913 4747 in
1977 4681 2513 4747 Sandzz'slauz’cze
2578 4686 2663 4746 ad
2730 4683 3047 4747 allodium
3118 4684 3204 4745 ad
3272 4684 3631 4745 arraudum

432 4792 499 4855 II
546 4812 746 4857 mare.
2449 4785 2459 4795 ⁸

644 4900 928 4965 Summa
973 4901 1106 4964 diei
1150 4899 1254 4963 IV
1299 4918 1502 4963 marc.
1550 4900 1626 4962 X
1672 4908 1832 4962 scot.
1880 4899 1911 4961 I
1960 4919 2142 4982 quar.

646 5008 834 5072 Frria
880 5008 984 5072 III
1032 5008 1188 5093 (6s4)
1237 5009 1324 5072 ad
1369 5017 1580 5070 totam
1630 5006 1808 5069 diem
1857 5006 1991 5069 dno
2039 5004 2227 5089 Regi
2293 5026 2445 5070 cum
2496 5005 2905 5068 curiensibus
2968 5003 3175 5085 ipsius
3222 5002 3630 5067 Maiestatis:

430 5138 556 5200 pro
599 5118 896 5201 piscibus
939 5106 1321 5180 recentibus
1386 5114 1455 5177 II
1521 5134 1724 5177 mare.
1791 5112 1964 5175 VIII
2010 5122 2172 5175 scot.
2221 5112 2254 5175 I
2301 5133 2400 5196 gr.
2447 5134 2571 5193 pro
2638 5110 2921 5173 odroszlz'
2955 5120 3021 5172 et
3067 5111 3245 5193 rapis
3294 5109 3481 5197 ΙΙΙἾ2
3531 5133 3630 5196 gr.

431 5247 554 5309 pro
599 5226 838 5287 boletis
886 5224 1080 5287 dictis
1125 5242 1404 5286 ,camarae
1450 5222 1552 5284 III
1602 5241 1786 5303 quar.
1851 5240 1974 5301 pro
2021 5220 2277 5283 cancris
2327 5216 2515 5304 III¹J2
2567 5239 2667 5301 gr.
2714 5218 2954 5280 iterum
3004 5219 3033 5279 I
3081 5228 3297 5281 tunna
3344 5219 3626 5282 allecum

431 5346 570 5396 tam
619 5334 703 5395 ad
752 5332 1108 5413 coquinam
1157 5330 1271 5393 dni
1310 5329 1533 5413 Regis
1574 5348 1776 5411 quam
1817 5327 2027 5389 eciam
2069 5328 2153 5389 ad
2192 5346 2429 5389 omnes
2476 5325 3003 5397 distribucioneS,
3048 5325 3290 5406 pisum,
3339 5326 3629 5402 mileum,

432 5439 654 5501 oleum
705 5450 772 5501 et
817 5438 946 5501 alia
992 5438 1176 5520 prius
1223 5436 1468 5519 empta,
1533 5456 1656 5517 pro
1711 5433 2078 5518 pastz'naka
2142 5444 2209 5497 et
2257 5432 2677 5496 cruczmorka
2723 5433 2756 5493 I
2802 5441 2961 5495 scot.
3010 5433 3251 5495 iterum
3302 5435 3387 5496 ad
3434 5435 3631 5496 cella-

430 5547 602 5609 rium
650 5546 762 5608 dni
809 5545 1033 5629 Regis
1081 5543 1183 5607 IV
1230 5544 1519 5607 octualia
1577 5542 1850 5605 ceruisie
1897 5541 2164 5623 proprie
2209 5540 2653 5615 braxacionis,
2703 5539 2941 5601 iterum
2991 5538 3093 5600 IV
3142 5560 3308 5601 vasa
3355 5541 3631 5603 ceruisie

429 5672 631 5735 super
666 5672 902 5717 omnes
940 5651 1466 5721 distribuciones‚
1513 5650 1704 5732 panis
1743 5648 1936 5711 albus
1986 5660 2052 5710 ot
2099 5648 2294 5731 siligo
2344 5668 2433 5710 ex
2478 5657 2622 5709 toto
2670 5648 2991 5728 proprius,
3040 5646 3293 5709 lumina
3348 5648 3631 5729 propria,
