4592 6559
1214 459 1593 525 REJESTRA
1643 460 2230 511 PODSKARBIEGO
2278 461 2613 511 HINCZKI.
2672 470 2853 529 1394·
3509 471 3627 532 ¹79

430 678 588 741 item
637 698 760 760 pro
807 678 1154 741 addicione
1201 696 1404 759 super
1449 676 1739 741 florenos
1785 698 1998 743 nouos
2053 699 2176 762 pro
2225 679 2515 763 antiquis
2577 681 2665 743 ad
2728 681 3118 744 deauranda
3180 700 3345 745 vasa
3410 682 3633 767 Regis

431 796 771 871 argentea,
817 786 1130 850 addendo
1176 805 1379 867 super
1425 784 1753 849 florenum
1805 786 1868 867 Ψ,
1926 807 2025 869 gr.
2071 806 2338 850 summa
2381 786 2539 851 facit
2584 787 2694 851 XI
2742 808 2841 871 gr.

427 894 586 957 item
634 914 759 977 pro
805 912 1028 957 czucro
1073 893 1162 956 ad
1207 891 1543 977 parandos
1589 891 1934 957 confectus
1980 893 2166 977 Regi
2212 894 2300 958 ad
2347 893 2867 977 carnisprivium
2916 895 3024 959 XI
3072 916 3273 961 marc.

429 1000 590 1064 item
637 1020 760 1083 pro
807 1000 840 1063 Ι
889 998 1208 1063 chamcha
1253 1009 1481 1083 empta
1525 1000 1611 1063 ad
1658 1000 2052 1064 thezaurum
2099 1000 2200 1064 IV
2214 1001 2278 1082 ¹l2
2338 1021 2539 1065 marc.

430 1108 588 1171 item
635 1107 948 1171 Dobconi
995 1106 1425 1171 Oleschinski
1471 1108 1559 1171 ad
1603 1106 2008 1173 relacionem
2059 1108 2484 1172 Hanussonis
2528 1109 2562 1172 I
2577 1108 2639 1191 ll,
2700 1130 2901 1172 marc.

431 1216 592 1279 item
637 1215 857 1278 eidem
905 1214 1353 1279 Hanuschoni
1399 1214 1806 1278 cubiculario
1853 1216 1940 1278 ad
1987 1218 2381 1281 mandatum
2428 1217 2650 1300 Regis
2697 1216 2728 1279 Ι
2774 1237 2975 1281 marc.

430 1324 588 1387 item
637 1322 1043 1387 Michalconi
1089 1322 1498 1386 cubiculario
1546 1323 1632 1385 ad
1678 1323 2080 1386 relacionem
2130 1324 2427 1387 eiusdem
2479 1324 2905 1387 Hanussonis
2951 1325 2983 1387 I
3030 1345 3229 1389 marc.

431 1432 588 1494 item
636 1429 800 1493 feria
845 1429 948 1493 VI
993 1430 1301 1513 sequenti
1349 1431 1404 1511 (2
1418 1428 1550 1513 7l2)
1598 1429 1973 1493 vexillifero
2010 1431 2419 1498 Dobrinensi
2456 1432 2541 1494 ad
2570 1433 2961 1496 mandatum
2996 1432 3219 1517 Regis
3256 1434 3405 1498 XX
3436 1452 3634 1499 marc·

431 1538 590 1601 item
636 1537 974 1601 aurifabro
1020 1536 1234 1620 Synai
1279 1558 1402 1619 pro
1447 1536 1805 1620 paracione
1852 1539 2138 1602 duorum
2187 1559 2513 1601 cornuum
2562 1538 2702 1601 VII
2747 1559 2947 1603 marc.

432 1646 590 1709 item
639 1643 974 1709 aurifabro
1022 1645 1164 1708 Rol
1209 1664 1333 1727 pro
1377 1644 1736 1727 paracione
1780 1646 2066 1709 duorum
2115 1646 2494 1710 cubconum
2543 1644 2723 1726 ΙῙΙῙΧ2
2782 1666 2983 1711 marc.

645 1750 930 1817 Summa
973 1750 1520 1831 LXXXXIVll2
1573 1772 1774 1815 marc.
1821 1752 2042 1815 minus
2091 1773 2191 1837 gr.

646 1860 817 1924 Item
865 1880 988 1942 pro
1034 1860 1197 1923 rotis
1243 1860 1330 1923 ad
1377 1879 1614 1923 currus
1659 1860 1930 1943 regales
1975 1880 2096 1941 per
2141 1861 2719 1924 Marschalconem
2769 1860 2940 1924 VIII
2987 1882 3087 1945 gr.

431 1968 590 2031 item
638 1986 760 2050 pro
807 1968 1094 2030 stamine
1141 1987 1479 2050 purpureo
1525 1966 1753 2030 viridis
1801 1976 1868 2030 et
1904 1965 2100 2030 flauei
2141 1967 2384 2031 coloris
2422 1970 2509 2031 ad
2538 1968 2914 2050 puluinaria
2940 1969 3053 2032 dni
3086 1969 3308 2053 Regis
3336 1969 3405 2031 V
3435 1990 3634 2035 marc.
3740 2039 3746 2044 ,

432 2074 594 2138 item
664 2074 872 2155 Januz
938 2075 1080 2139 Zax
1159 2095 1282 2157 pro
1355 2075 1710 2157 paracione
1784 2094 2137 2149 cornuum,
2221 2077 2601 2139 cubconum
2686 2085 2753 2138 et
2834 2086 3217 2141 cantrorum
3301 2078 3632 2160 regalium

432 2182 662 2245 XXX
709 2202 910 2245 marc,

401 2372 415 2381 ν
431 2288 591 2354 item
638 2288 952 2355 Arnoldo
999 2289 1333 2354 aurifabro
1396 2309 1521 2373 pro
1585 2288 1942 2373 paracione
2009 2309 2352 2364 cornuum,
2417 2290 2614 2354 vnius
2660 2289 2981 2355 cubconis
3037 2300 3107 2353 et
3149 2290 3636 2355 reformacione

433 2398 884 2461 scultellarum
929 2397 1258 2481 regalium
1306 2395 1458 2479 X¹s2
1515 2416 1717 2460 mare.

433 2506 590 2568 item
640 2504 1084 2569 Hanuschoni
1127 2505 1464 2567 Ylkussar
1508 2501 1844 2567 aurifabro
1890 2523 2014 2585 pro
2060 2504 2418 2585 paracione
2465 2524 2808 2579 cornuum,
2856 2506 3237 2572 cubconum
3277 2516 3345 2570 et
3383 2508 3635 2589 specia-

435 2613 584 2677 liter
629 2613 826 2675 vnius
871 2612 1055 2675 aurei
1100 2613 1419 2675 cubconis
1465 2623 1534 2675 et
1581 2610 1955 2675 attinenciis
2002 2612 2165 2675 selle
2213 2612 2504 2675 consorti
2570 2612 2759 2675 ducis
2815 2610 3141 2677 Semouiti
3198 2622 3265 2676 et
3320 2614 3636 2679 reforma-

435 2721 626 2785 cione
672 2720 925 2803 cinguli
971 2720 1246 2803 Regine
1293 2718 1556 2783 XXXI
1604 2738 1805 2781 marc,

432 2828 590 2891 item
643 2827 1033 2891 Hanussoni
1079 2826 1334 2909 Sweyn
1381 2847 1504 2908 pro
1548 2824 1907 2908 paracione
1952 2827 2242 2891 duorum
2291 2829 2668 2891 cubconum
2718 2828 2787 2891 II
2832 2849 3035 2893 marc.
3082 2828 3185 2893 ΠΙ
3231 2827 3373 2893 fert.

431 2936 594 3000 item
639 2956 763 3018 pro
809 2934 962 2997 XX
1009 2935 1184 2997 vlnis
1227 2935 1359 2997 tele
1407 2934 1558 2996 albe
1605 2935 1692 2997 ad
1738 2934 2073 3015 parandas
2119 2934 2426 2997 camisias
2462 2934 2669 3018 Regi,
2704 2956 2827 3017 pro
2857 2935 2925 2998 V
2954 2956 3057 3020 gr.
3071 2938 3333 3011 ·vlnam,
3370 2957 3635 3000 summa

433 3044 593 3107 facit
636 3043 704 3106 II
751 3062 952 3105 marc.
999 3040 1068 3102 V
1114 3062 1214 3126 gr.

432 3152 594 3215 item
641 3151 923 3214 sabbato
968 3148 1278 3233 sequenti
1324 3148 1464 3232 (28s
1470 3148 1526 3229 2)
1574 3148 2011 3212 seruitoribus
2055 3150 2354 3215 thezauri
2400 3170 2522 3231 pro
2569 3150 2975 3215 sotularibus
3022 3151 3124 3216 III
3172 3150 3315 3214 fert.

432 3261 592 3323 item
638 3258 920 3321 Nicolao
968 3256 1537 3339 Zymnowodsky,
1595 3256 2014 3332 Michalconi,
2075 3256 2482 3330 Hanussoni‚
2547 3258 2859 3321 Dobconi
2925 3257 3347 3341 Oleszinsky,
3413 3258 3634 3323 Chod-

432 3366 616 3439 koni,
659 3365 1126 3439 Lithwossoni‚
1173 3363 1525 3438 Grzimale,
1578 3362 1894 3438 Daczoni‚
1959 3362 2388 3447 Bogufaloni‚
2456 3361 2851 3439 Man‘ziconi‚
2915 3365 3334 3429 cubiculariis
3398 3367 3639 3450 Regis,

435 3474 705 3536 cuilibet
748 3492 868 3554 per
913 3471 1024 3554 1¹s2
1082 3492 1284 3535 marc,
1333 3490 1537 3554 super
1579 3470 1816 3552 ioppas
1870 3471 2158 3533 sericeas
2205 3473 2293 3535 ad
2340 3472 2733 3535 mandatum
2780 3473 3021 3556 RegiS,
3067 3472 3227 3536 facit
3261 3473 3330 3535 V
3377 3493 3538 3537 mar.

434 3581 593 3644 item
641 3580 854 3643 tribus
900 3578 1256 3663 terrigenis
1292 3578 1828 3641 Dobrinensibus
1857 3578 2244 3641 Mroczconi
2272 3589 2339 3641 et
2370 3578 2514 3642 aliis
2546 3580 2812 3643 duobus
2842 3581 2927 3643 ad
2966 3580 3359 3643 mandatum
3398 3580 3637 3665 Regis,

435 3688 706 3753 cuilibet
749 3708 870 3769 per
915 3687 984 3750 II
1030 3706 1232 3750 marc.
1277 3706 1546 3761 summa
1589 3686 1780 3749 istius
1825 3685 1984 3749 facit
2031 3683 2132 3748 VI
2181 3706 2382 3749 mare.

650 3795 933 3859 Summa
977 3793 1448 3857 LXXXXIII
1497 3814 1697 3857 mare.
1744 3792 1960 3876 V111s2
2017 3815 2106 3857 se.

648 3902 822 3966 Item
878 3902 1236 3967 Ruszkoni
1299 3902 1510 3965 sutori
1573 3903 1664 3965 ad
1724 3902 2186 3965 consuendum
2252 3902 2550 3965 lumbale
2614 3903 2750 3965 dno
2816 3902 3004 3986 Regi
3066 3903 3319 3966 dictum
3386 3902 3639 3988 spodny

425 4018 618 4097 passa
662 4011 730 4073 Π
777 4030 876 4094 gr.

433 4119 594 4182 item
640 4137 763 4199 pro
809 4115 987 4180 redis
1033 4125 1102 4179 et
1145 4116 1432 4199 epiredis
1478 4116 1642 4181 alias
1687 4114 2027 4201 nabodrky
2071 4116 2451 4198 duplicibus
2498 4116 2606 4179 IX
2652 4137 2742 4180 sc.

436 4225 596 4289 item
643 4246 766 4307 pro
813 4225 917 4288 III
963 4223 1263 4305 cophinis
1308 4224 1620 4305 portandi
1665 4243 1930 4305 panem,
1976 4224 2327 4306 quodlibet
2373 4244 2493 4305 per
2538 4224 2607 4286 II
2653 4232 2879 4287 scotos
2926 4224 2975 4286 I>
3005 4223 3154 4288 fert.

437 4334 596 4396 item
642 4352 764 4415 pro
810 4331 1032 4395 cordis
1076 4351 1196 4394 seu
1243 4330 1514 4394 funibus
1560 4332 1645 4394 ad
1693 4350 1928 4395 currus
1975 4330 2090 4393 dni
2136 4330 2359 4414 Regis
2405 4350 2525 4412 per
2570 4330 3101 4395 Marszalconem
3147 4332 3252 4395 III
3296 4353 3385 4397 sc.

437 4442 594 4503 item
643 4460 766 4522 pro
813 4438 1293 4502 emendacione
1340 4459 1654 4502 curruum
1701 4438 2030 4523 regalium
2079 4458 2203 4520 per
2245 4440 2537 4501 eundem
2584 4438 3119 4503 Marszalconem
3168 4439 3311 4502 XV
3358 4460 3449 4505 sc.

437 4549 596 4611 item
642 4567 766 4630 pro
811 4566 963 4609 sera
1008 4547 1096 4611 ad
1142 4546 1485 4610 cellarium
1533 4546 1599 4609 in
1646 4547 1924 4610 castello
1971 4546 2413 4619 Cracouiensi‚
2470 4546 2586 4608 vbi
2631 4546 2864 4609 vinum
2909 4547 3027 4609 dni
3074 4548 3297 4632 Regis
3341 4548 3635 4629 positum

435 4655 654 4719 fuerat
699 4654 804 4718 III
848 4663 1062 4737 quart.

435 4763 596 4827 item
640 4783 766 4846 pro
810 4760 845 4824 I
891 4760 1114 4843 lapide
1160 4762 1540 4843 plumarum
1588 4761 1675 4823 ad
1719 4780 1902 4824 noua
1947 4760 2169 4845 Regis
2215 4759 2593 4842 puluinaria
2638 4760 2782 4823 XV
2828 4781 2917 4825 sc.

437 4871 596 4933 item
642 4890 768 4953 pro
813 4870 968 4933 XX
1012 4868 1268 4932 balistis
1314 4866 1861 4931 Schaffranczoni
1907 4869 1995 4931 ad
2041 4866 2506 4932 Plawnowz'cze
2570 4868 2655 4931 ad
2724 4869 3113 4931 mandatum
3182 4868 3405 4953 Regis
3468 4869 3641 4931 datis

439 4978 590 5041 XX
639 4996 840 5041 marc.
901 4976 964 5058 ΙΙ,
1021 4996 1226 5039 marc.

437 5085 593 5150 item
642 5106 765 5167 pro
812 5083 915 5147 III
960 5084 1203 5167 sportis
1246 5083 1499 5147 ficuum
1548 5085 1635 5146 ad
1683 5084 2069 5147 thezaurum
2115 5082 2230 5146 dni
2277 5082 2499 5166 Regis
2548 5102 2637 5145 ex
2685 5103 2886 5146 causa
2927 5081 3211 5147 uentorii
3248 5084 3334 5146 ad
3366 5084 3638 5146 manda-

437 5204 582 5257 tum
627 5192 853 5279 Regis
897 5192 1134 5255 vocale
1181 5191 1291 5253 IX
1338 5211 1538 5255 marc.

437 5301 597 5364 item
645 5319 768 5382 pro
813 5308 1160 5381 portatura
1207 5299 1538 5362 dictorum
1584 5296 1834 5362 ficuum
1883 5298 1915 5359 Ι
1964 5318 2062 5381 gr.

650 5406 985 5489 Exposita
1029 5426 1154 5487 pro
1201 5407 1337 5469 dna
1382 5405 1662 5489 Regina
1707 5407 1793 5469 ad
1839 5406 2233 5469 mandatum
2280 5405 2397 5468 dni
2443 5405 2665 5488 Regis
2710 5405 2779 5467 in
2828 5404 3187 5469 Cracouia:

441 5516 602 5579 item
648 5535 772 5598 pro
819 5514 886 5577 II
932 5514 1267 5595 lapidibus
1311 5513 1556 5595 piperis
1602 5513 1742 5577 VII
1755 5514 1817 5595 Ἃ,
1877 5532 2076 5577 mare.

439 5625 602 5687 item
647 5642 771 5705 pro
816 5621 884 5685 II
929 5621 1114 5685 libris
1160 5621 1338 5685 croci
1383 5620 1487 5684 III
1535 5640 1734 5684 marc.
