4592 6559
1190 530 1570 596 REJESTRA
1621 530 2208 579 PODSKARBIEGO
2255 520 2589 579 mxczxi.
2626 520 2849 595 '1393··
3519 533 3633 594 157

437 733 602 797 item
650 735 935 797 sabbato
998 753 1122 815 pro
1178 732 1494 815 expensis
1556 752 1678 814 per
1743 733 1950 795 dnum
2017 732 2503 815 Hynczconem
2570 728 3209 793 vicethezaurarium'
3268 730 3641 812 septimana

445 840 830 924 precedenti
877 860 1012 903 vna
1059 860 1213 903 cum
1260 839 1626 903 sartoribus
1672 838 1786 902 dni
1833 837 2053 923 Regis
2099 838 2209 921 I¹s2
2269 858 2469 902 mare.
2518 839 2548 901 I
2597 858 2696 923 gr.
3548 844 3603 855 '‘

443 948 602 1011 item
650 947 758 1011 die
805 947 1142 1011 dominico
1187 948 1497 1031 sequenti
1545 947 1702 1031 (67¹7)
1749 966 1870 1029 pro
1917 944 2026 1027 1¹,l2
2086 947 2309 1029 lapide
2355 966 2507 1009 cere
2554 945 2758 1009 misso
2805 947 2940 1013 dno
2977 938 3165 1030 Regi
3201 943 3641 1019 Sandomirie‚

444 1055 824 1138 recipiendo
871 1055 1161 1137 lapidem
1209 1076 1329 1138 per
1377 1055 1410 1118 I
1455 1074 1690 1139 sexag.
1738 1058 2002 1117 summa
2048 1054 2081 1116 I
2127 1072 2329 1118 marc.
2376 1054 2563 1118 XXI
2608 1075 2696 1118 se.

443 1164 604 1226 item
650 1183 775 1246 pro
821 1160 1247 1227 licuminibus
1291 1163 1540 1227 ibidem
1588 1162 1806 1226 missis
1851 1162 1988 1226 dno
2037 1162 2222 1246 Regi
2269 1161 2690 1226 Sandomirie
2736 1161 2908 1225 VIII
2954 1182 3044 1225 sc.

657 1266 941 1335 Summa
985 1267 1244 1333 XXIII
1279 1286 1491 1345 mare.
1539 1270 1717 1333 XIV
1765 1291 1854 1335 se.

658 1380 828 1441 Item
877 1398 1002 1460 pro
1046 1378 1080 1441 I
1126 1378 1349 1460 lapide
1395 1378 1770 1463 smigmatis
1817 1378 2071 1442 directo
2118 1390 2184 1441 et
2231 1378 2435 1442 misso
2480 1398 2716 1441 versus
2771 1376 3021 1453 Chelm,
3069 1377 3203 1439 VII
3250 1398 3340 1439 se.

444 1486 602 1551 item
647 1485 1030 1550 hominibus
1075 1486 1475 1551 ducentibus
1518 1486 1752 1550 vinum
1799 1496 1867 1549 et
1913 1486 2288 1549 necessaria
2356 1486 2421 1549 in
2479 1482 2710 1549 Chelm
2773 1506 2897 1569 pro
2952 1484 3267 1567 expensis
3330 1485 3417 1547 ad
3462 1484 3641 1546 viam

445 1596 477 1657 I
525 1614 724 1658 marc.
3407 1604 3415 1607 ⁷

447 1702 603 1766 item
652 1700 816 1765 feria
861 1701 963 1764 VI
1009 1702 1322 1784 proxima
1367 1712 1524 1765 ante
1570 1702 1748 1764 diem
1796 1700 2080 1764 Antonii
2126 1720 2249 1783 pro
2297 1700 2521 1795 XX'X
2571 1699 2837 1765 talentis
2885 1720 3114 1776 caucrz,
3163 1699 3533 1828 quodlibet
3548 1709 3643 1762 ta-

445 1811 700 1873 lentum
749 1810 1130 1892 recipiendo
1177 1830 1299 1892 per
1347 1809 1457 1872 IX
1505 1820 1664 1873 scot.
1711 1828 1976 1871 summa
2021 1808 2131 1871 XI
2179 1828 2381 1871 marc,
2428 1817 2495 1869 et
2540 1808 2573 1870 I
2618 1805 2763 1871 fert.
2969 1822 2975 1827 ·

446 1918 603 1981 item
650 1938 775 2000 pro
821 1918 889 1980 II
935 1917 1204 1981 talentis
1251 1915 1432 1981 floris
1478 1916 1776 1989 muscati,
1823 1916 2148 1979 talentum
2199 1935 2322 1997 per
2378 1915 2439 1995 ¹¹2
2499 1926 2661 1978 scot.
2708 1915 3106 1998 recipiend0,'
3170 1934 3442 1986 summav
3488 1914 3647 1978 facit

448 2026 477 2088 I
523 2046 756 2110 sexag.
1616 2036 1624 2041 ’“

446 2134 606 2196 item
652 2154 776 2217 pro
824 2132 926 2196 III
971 2132 1155 2197 libris
1203 2133 1523 2196 corticum
1571 2132 1948 2215 cynamoni,
1997 2130 2369 2214 quamlibet
2416 2130 2653 2193 libram
2700 2129 3081 2213 recipiendo
3128 2152 3250 2213 per
3296 2131 3399 2194 III
3446 2130 3645 2193 ferto-

447 2255 596 2316 neS,·
630 2260 897 2303 summa
941 2239 1098 2303 facit
1143 2240 1211 2302 II
1261 2261 1459 2304 marc.
1506 2240 1539 2302 I
1587 2239 1732 2302 fert.
1790 2286 1796 2291 .
3384 2252 3391 2259 ·

446 2348 606 2411 item
652 2368 776 2431 pro
823 2347 924 2410 IV
971 2348 1154 2411 libris
1199 2349 1629 2423 cubebarutn,
1676 2346 2046 2430 quamlibet
2111 2346 2347 2409 libram
2416 2346 2743 2428 capiendo
2806 2366 2927 2429 per
2990 2347 3099 2409 IX
3156 2355 3317 2409 scot.
3382 2364 3649 2408 summa

448 2453 603 2517 facit
648 2454 758 2534 1¹,l2
817 2475 1016 2519 marc.
1457 2472 1462 2475 ·
3505 2466 3511 2471 '

449 2562 606 2626 item
653 2583 777 2645 pro
823 2562 923 2625 IV
971 2562 1154 2625 libris
1201 2582 1568 2647 granorum
1624 2563 1954 2645 paradisii,
2020 2562 2258 2627 libram
2324 2560 2707 2643 recipiendo
2770 2575 2893 2644 pei·
2955 2561 3100 2624 XII
3164 2570 3323 2625 scot.
3388 2578 3653 2623 summa

449 2668 606 2733 facit
653 2670 721 2733 II
768 2690 968 2733 mare.
3599 2663 3608 2668 ’

448 2778 606 2841 item
652 2798 776 2859 pro
821 2777 924 2841 VI
970 2777 1154 2840 libris
1199 2776 1366 2842 anisi
1410 2799 1531 2860 per
1576 2778 1680 2842 III
1728 2788 1943 2861 quart.
1989 2778 2359 2862 quamlibet
2405 2774 2644 2840 libram
2712 2776 3110 2858 recipiendO,
3176 2796 3441 2839 summa
3495 2775 3652 2839 facit

451 2885 560 2948 IX
604 2905 702 2968 gr.
771 2916 780 2933 ι
3115 2898 3125 2907 ·

663 2992 814 3075 Que
862 2992 1087 3056 omnia
1132 2994 1291 3057 data
1335 3003 1494 3057 sunt
1541 2994 1821 3057 Andree
1868 2992 2297 3075 appotecario
2362 3013 2485 3074 pro
2532 2992 2999 3073 comparandis
3046 2991 3462 3055 confectibus
3514 2993 3652 3053 dno

451 3100 636 3185 Regi
682 3102 769 3163 ad
816 3099 1344 3182 expedicionem.

665 3208 837 3270 Item
884 3228 1008 3290 pro
1054 3208 1266 3271 saccis
1310 3229 1434 3291 pro
1479 3208 1792 3291 predictis
1838 3208 2172 3271 radicibus
2219 3216 2286 3270 et
2332 3208 2733 3290 specialibus
2780 3206 2881 3269 III
2930 3226 3029 3290 gr.

451 3316 604 3379 item
654 3317 940 3379 sabbato
985 3316 1294 3398 proxime
1341 3316 1648 3399 sequenti
1693 3336 1816 3398 pro
1863 3326 2016 3379 octo
2063 3316 2226 3378 rotis
2271 3317 2360 3379 ad
2406 3334 2641 3379 currus
2688 3316 2954 3397 regales
3001 3314 3187 3377 XXI
3224 3334 3314 3377 sc.

663 3422 948 3487 Summa
992 3422 1180 3487 istius
1226 3424 1584 3506 columpne
1631 3423 1792 3486 XX
1831 3443 2030 3487 marc,
2079 3422 2256 3485 XVI
2303 3442 2394 3485 se.
3194 3437 3199 3441 ·

667 3532 837 3595 Item
884 3551 1009 3614 pro
1055 3531 1300 3594 axibus
1347 3542 1415 3594 et
1460 3531 1842 3594 temonibus
1887 3551 2012 3612 pro
2059 3530 2365 3593 curribus
2411 3530 2527 3592 dni
2574 3529 2795 3613 Regis
2840 3528 3011 3592 VIII
3057 3550 3146 3591 se.

452 3640 610 3706 item
656 3660 781 3721 pro
828 3639 1230 3722 quibusdam
1278 3638 1622 3703 atinenciis
1670 3658 1904 3702 currus
1951 3637 2145 3701 dictis
2194 3635 2493 3711 barczcze,
2540 3647 2606 3700 et
2645 3636 2932 3700 restibus
2970 3656 3285 3699 curruum
3324 3634 3652 3719 regalium

456 3747 626 3810 VIII
671 3768 762 3811 se.
797 3792 804 3797 -

454 3854 614 3918 item
660 3874 786 3936 pro
833 3853 1051 3917 cordis
1097 3854 1409 3936 canapeis
1455 3864 1522 3917 et
1567 3854 1712 3917 aliis
1759 3854 2148 3917 necessariis
2189 3870 2507 3917 ‘curruum
2555 3852 2745 3915 iuxta
2792 3851 3300 3935 requisicionem
3330 3851 3655 3914 'Marszal-

453 3962 650 4025 konis
695 3960 1002 4037 vectoriS,
1051 3960 1353 4047 magistri
1400 3980 1713 4025 curruum
1762 3960 2089 4045 regalium
2137 3960 2238 4023 IV
2285 3980 2375 4023 sc.

455 4070 612 4133 item
661 4089 785 4152 pro
831 4068 1074 4151 sportis
1120 4070 1207 4132 ad
1252 4068 1432 4151 ipsas
1479 4089 1712 4132 currus
1757 4069 2026 4153 regales
2074 4068 2216 4131 XV
2264 4088 2355 4131 se.

455 4177 616 4239 item
662 4197 786 4258 pro
831 4175 1233 4239 ferrimentis
1289 4176 2006 4240 circumferencialibus
2071 4194 2387 4265 curruum
2454 4184 2766 4250 rotarum,
2834 4173 3025 4238 dictis
3069 4171 3313 4257 scheny
3368 4174 3400 4235 I
3457 4192 3657 4235 mare.

459 4284 593 4347 VII
639 4304 729 4347 sc.

454 4391 614 4454 item
661 4410 786 4473 pro
832 4390 901 4453 II
947 4390 1343 4454 centenariis
1407 4391 1563 4454 ferri
1609 4412 1732 4473 pro
1779 4390 2094 4473 parandis
2148 4387 2710 4452 circumferenciis
2774 4389 3156 4452 huiusmodi
3218 4398 3515 4451 rotarum
3571 4388 3659 4451 ad

459 4497 987 4581 expedicionem,
1035 4498 1384 4581 quodlibet
1431 4498 1888 4562 centenarium
1934 4497 2319 4579 recipiendo
2365 4517 2484 4579 per
2529 4496 2638 4559 IX
2686 4516 2776 4560 se.
2833 4516 3099 4560 summa
3160 4495 3320 4559 facit
3364 4494 3467 4557 III
3512 4493 3658 4558 fert.

457 4605 618 4669 item
664 4626 788 4688 pro
835 4614 1183 4687 portatura
1226 4604 1384 4669 ferri
1431 4616 1500 4669 et
1544 4605 2080 4669 ferrimentorum
2129 4604 2608 4686 premissorum
2673 4604 2759 4667 de
2804 4606 2957 4668 loco
3013 4624 3222 4686 pense
3286 4604 3375 4665 ad
3437 4602 3657 4665 locum

458 4713 756 4777 debitum
805 4713 838 4775 I
885 4733 984 4796 gr.
1030 4712 1132 4776 IV
1178 4715 1326 4777 den.

459 4822 621 4885 item
668 4841 793 4903 pro
839 4830 1188 4903 portatura
1235 4841 1504 4894 manne,
1554 4842 1752 4907 rymy,
1797 4820 2095 4885 radicum
2153 4824 2218 4882 et
2263 4819 2639 4901 specierum
2705 4818 3303 4901 suprascriptorum
3369 4817 3456 4880 ad
3520 4820 3661 4880 the-

460 4948 733 4993 zaurum
781 4928 814 4991 I
859 4948 950 4991 sc.

460 5038 618 5101 item
667 5057 790 5119 pro
836 5037 1151 5119 expensis
1196 5036 1387 5101 factis
1433 5057 1552 5120 per
1599 5040 1806 5100 dnum
1857 5036 2292 5119 Heynczcam
2341 5034 2983 5098 vicethezaurarium
3024 5032 3396 5114 septimane
3435 5051 3659 5113 prece-

463 5146 684 5211 dentis
727 5164 882 5209 cum
930 5146 1297 5208 sartoribus
1344 5145 1458 5208 dni
1506 5144 1728 5227 Regis
1773 5152 1841 5207 et
1887 5142 2016 5205 alia
2061 5142 2313 5205 familia
2359 5142 2467 5223 I¹l2
2528 5161 2729 5206 mare.

463 5254 622 5317 item
671 5251 1006 5316 dominico
1052 5252 1160 5315 die
1208 5251 1468 5315 Omnes
1515 5262 1756 5335 gentes
1803 5251 2004 5331 (13l7)
2052 5270 2176 5333 pro
2223 5251 2409 5313 rethe
2474 5250 2653 5314 dicto
2719 5246 3070 5333 drgubz'cza
3133 5250 3221 5311 ad
3284 5246 3661 5331 expedicio-

464 5381 618 5424 nem
666 5360 986 5442 deputato
1032 5358 1211 5422 XVI
1257 5379 1348 5423 sc.

463 5469 622 5531 item
669 5488 792 5551 pro
839 5468 1115 5531 matrice
1161 5468 1458 5530 eiusdem
1506 5466 1686 5529 dicta
1735 5463 2040 5529 maczz'cza
2084 5466 2117 5528 I
2166 5484 2367 5528 marc.
2416 5464 2559 5527 XV
2606 5486 2695 5529 sc.

680 5572 963 5639 Summa
1009 5574 1147 5638 VII
1194 5594 1395 5637 marc.
1443 5574 1551 5637 IX
1599 5594 1688 5637 sc,
1735 5573 1835 5638 IV
1884 5576 2032 5637 den.
