4592 6559
1187 512 1564 576 REJESTRA
1615 511 2208 561 PODSKARBIEGO
2257 512 2588 561 HINCZKI.
2648 519 2828 577 1394-
3500 520 3617 578 199

424 710 584 775 item
631 732 754 793 pro
799 712 1011 775 saccis
1056 712 1370 794 predictis
1416 711 1766 794 speciebus
1815 720 1883 773 et
1931 710 2268 775 radicibus
2316 711 2382 773 II
2432 732 2528 793 gr.

639 818 922 883 Summa
967 819 1205 881 XLVI
1243 840 1446 883 marc.
1494 820 1560 882 II
1609 841 1696 883 sc.

641 927 812 989 Item
859 946 984 1009 pro
1029 926 1455 989 licuminibus
1500 927 1716 989 missis
1761 927 2009 989 ibidem
2059 927 2124 988 in
2183 924 2415 989 Clzelm
2462 926 2606 988 XV
2653 947 2751 1010 gr.

427 1034 586 1097 item
634 1054 758 1116 pro
803 1033 1082 1097 flascula
1125 1033 1342 1096 ferrea
1389 1037 1475 1097 ad
1521 1035 1972 1117 recipiendum
2023 1034 2270 1097 oliuam
2322 1034 2590 1097 missam
2640 1036 2775 1097 dno
2815 1034 2999 1119 Regi
3036 1034 3103 1097 in
3152 1034 3382 1099 Chelm
3419 1036 3486 1097 V
3526 1057 3624 1120 gr.

426 1141 588 1203 item
634 1162 756 1223 pro
803 1142 949 1223 ipsa
993 1142 1174 1204 oliua
1220 1141 1393 1205 VIII
1440 1162 1528 1205 se.

426 1248 585 1311 item
633 1269 758 1331 pro
805 1249 872 1311 II
917 1248 1245 1312 falcastris
1291 1250 1482 1312 dictis
1533 1247 1710 1320 cos522
1759 1249 1975 1311 missis
2021 1250 2156 1311 dno
2203 1248 2390 1331 Regi
2445 1249 2711 1323 ibidem,
2757 1270 2880 1332 pro
2927 1251 3187 1313 cotibus
3236 1251 3425 1313 dictis
3472 1250 3625 1335 οεζγ,

429 1366 498 1419 et
542 1377 665 1439 pro
712 1356 1034 1419 acucione
1081 1358 1447 1419 eorundem
1495 1356 1959 1420 falcastrorum
2007 1356 2180 1419 VIII
2227 1378 2315 1419 se.

428 1464 586 1527 item
634 1485 758 1547 pro
804 1463 1208 1527 sotularibus
1252 1464 1551 1527 rostratis
1597 1466 1907 1527 coloratis
1955 1464 2186 1527 Iwano
2225 1466 2310 1527 de
2362 1462 2707 1527 W'tewsko
2742 1464 2957 1527 missis
2994 1465 3239 1528 ibidem
3279 1456 3345 1529 in
3394 1464 3626 1529 Chelm

429 1572 532 1634 IV
578 1592 674 1655 gr.

428 1680 585 1743 item
634 1699 758 1761 pro
804 1679 1194 1761 impositura
1240 1681 1524 1741 duarum
1571 1679 1932 1742 barilarum
2001 1679 2136 1741 vini
2185 1680 2272 1741 ad
2320 1699 2606 1752 currum,
2670 1700 2792 1762 pro
2839 1680 3267 1744 straminibus
3314 1682 3485 1745 inter
3531 1682 3627 1744 vi-

429 1808 590 1850 num
639 1796 708 1849 et
753 1806 877 1868 pro
924 1786 1072 1868 pice
1118 1788 1205 1849 ad
1253 1786 1835 1849 circumfusionem
1882 1787 2161 1868 predicti
2208 1786 2349 1849 vini
2395 1786 2504 1867 I¹s2
2565 1808 2666 1870 gr.

429 1896 589 1958 item
635 1914 757 1976 pro
805 1893 872 1955 II
919 1894 1316 1957 staminibus
1379 1894 1583 1976 panni
1648 1894 1928 1969 ducisse,
1995 1914 2127 1975 que
2193 1894 2456 1956 nouiter
2518 1895 2703 1957 venit
2767 1896 2853 1957 de
2922 1896 3191 1969 Russia‚
3239 1899 3324 1959 ad
3370 1897 3627 1961 literale

431 2005 820 2067 mandatum
871 2002 986 2064 dni
1032 2002 1254 2085 Regis
1299 2001 1516 2065 XVII
1563 2022 1763 2064 marc.

430 2112 589 2174 item
636 2131 759 2192 pro
805 2108 984 2171 XVI
1033 2109 1206 2172 vlnis
1252 2110 1387 2171 tele
1433 2111 1656 2172 albate
1705 2110 1922 2173 eidem
1990 2108 2252 2171 ducisse
2319 2110 2405 2170 ad
2469 2109 2729 2171 literam
2796 2110 2910 2173 dni
2959 2111 3199 2195 Regis,
3246 2112 3628 2194 recipiendo

431 2220 658 2282 vlnam
705 2238 828 2300 per
873 2216 974 2279 IV
1022 2238 1121 2300 gr.
1168 2237 1432 2279 summa
1477 2216 1636 2280 facit
1683 2216 1714 2277 Ι
1763 2236 1962 2278 mare.
2013 2215 2182 2278 VIII
2229 2236 2319 2278 se.

428 2328 590 2390 item
635 2346 760 2408 pro
805 2336 1153 2408 portatura
1198 2325 1650 2407 predictorum
1699 2326 1783 2386 ad
1832 2335 2124 2385 castrum
2185 2323 2248 2403 ¹l2
2308 2341 2406 2406 gr.

431 2436 588 2498 item
637 2454 760 2515 pro
824 2433 1107 2496 stamine
1171 2432 1375 2515 panni
1451 2433 1654 2515 grisei
1729 2430 2144 2494 Bruszlensis
2208 2450 2333 2512 pro
2399 2432 2534 2494 dno
2600 2432 2805 2515 Rege
2870 2434 2957 2495 ad
3030 2434 3345 2497 vestitum
3423 2434 3631 2516 ipsius

431 2542 651 2605 XXII
699 2562 897 2603 marc.

644 2648 926 2711 Summa
971 2648 1141 2712 XLI
1188 2668 1390 2711 marc,
1437 2647 1583 2710 XII
1597 2648 1659 2729 ll„
1718 2668 1806 2709 sc,
1865 2646 1928 2728 ¹l2
1989 2666 2088 2729 gr.

645 2758 816 2819 Item
864 2777 986 2837 pro
1033 2756 1291 2819 casside
1338 2755 1516 2818 dicta
1551 2752 1906 2839 przelbicza
1952 2756 2110 2816 data
2157 2753 2501 2817 Chodconi
2566 2754 3021 2818 Derznaconis
3086 2758 3170 2819 ad
3237 2758 3629 2820 mandatum

435 2865 546 2927 dni
595 2865 815 2947 Regis
861 2864 965 2926 III
1012 2885 1214 2927 mare.

432 2974 590 3036 item
637 2992 762 3053 pro
807 2973 1104 3053 calpetra
1149 2971 1326 3034 dicta
1376 2968 1712 3033 clobuczek
1774 2990 1926 3033 cum
1976 2968 2304 3053 hunczcop
2368 2981 2436 3033 et
2482 2990 2605 3051 pro
2653 2971 2979 3052 pectorali
3029 2972 3207 3034 dicto
3259 2969 3633 3056 bruszplatlz

435 3081 604 3143 datis
649 3078 1013 3142 XVaszconi
1060 3079 1346 3141 curiensi
1394 3078 1508 3141 dni
1555 3078 1776 3161 Regis
1823 3080 1909 3140 ad
1955 3077 2359 3139 relacionem
2407 3078 2521 3139 dni
2568 3078 2789 3161 Regis
2835 3079 3071 3142 vocale
3118 3079 3185 3140 II
3233 3099 3434 3142 mare.

434 3188 592 3250 item
641 3186 802 3249 feria
851 3186 913 3247 V
961 3186 1272 3268 proxima
1318 3186 1462 3268 ipso
1510 3186 1617 3249 die.
1666 3184 2088 3248 Visitacionis
2135 3186 2196 3247 b.
2245 3184 2461 3247 Marie
2529 3186 2584 3265 (2
2590 3184 2684 3269 s7)
2759 3186 3108 3248 Przibconi
3172 3206 3373 3268 super
3420 3187 3632 3251 tribus

441 3295 646 3359 hastis
693 3293 836 3357 XV
884 3314 1086 3357 marc,

434 3404 594 3465 item
641 3403 778 3464 dno
823 3401 1204 3463 Anderlino
1252 3406 1337 3463 ad
1384 3401 1781 3464 relacionem
1837 3401 1950 3462 dni
1997 3399 2541 3462 vicethezaurarii
2587 3420 2710 3481 pro
2758 3400 3074 3481 expensis
3121 3400 3224 3463 III
3272 3421 3473 3464 mare.

435 3510 592 3572 item
639 3509 943 3592 predicto
991 3509 1370 3572 Anderlino
1419 3510 1505 3571 ad
1551 3510 1831 3590 predam
1880 3508 1992 3570 dni
2041 3506 2570 3570 vicecancellarii
2616 3506 2767 3570 XX
2816 3528 3019 3571 mare.

432 3618 592 3680 item
641 3618 778 3679 dno
823 3616 1237 3699 Skirgalloni
1283 3636 1406 3697 pro
1453 3616 1767 3697 expensis
1813 3615 1889 3676 X
1936 3635 2135 3677 mare.

434 3726 592 3787 item
632 3724 906 3804 Jurconi
953 3724 1234 3805 Kopacz
1284 3724 1371 3785 ad
1417 3722 1822 3786 relacionem
1869 3722 1983 3784 dni
2029 3722 2557 3785 vicecancellarii
2605 3722 2969 3785 Clementis
3014 3722 3081 3784 V
3130 3743 3330 3787 marc.

433 3832 591 3895 item
639 3852 764 3913 pro
811 3831 1129 3913 pancerio
1175 3832 1378 3893 ducto
1425 3832 1560 3892 dno
1608 3830 1795 3913 Regi
1842 3831 1927 3892 ad
1975 3831 2270 3893 dandum
2322 3828 2679 3893 Steczkoni
2728 3830 2796 3892 II
2812 3831 2873 3911 ¹1¹2
2934 3852 3135 3894 mare.

433 3939 592 4003 item
640 3960 762 4021 pro
807 3937 1000 4001 salom
1047 3938 1253 4001 misso
1301 3937 1546 4000 ibidem
1596 3938 1662 3999 in
1719 3936 1948 4000 Chelm
2014 3940 2096 3999 ad
2164 3939 2461 4000 dandum
2527 3938 2829 4019 predicto
2897 3937 3261 4002 Steczkoni
3305 3938 3445 4001 VII
3492 3936 3634 4001 fert.

433 4048 592 4109 item
641 4067 766 4128 pro
812 4047 1030 4109 cordis
1078 4045 1268 4108 dictis
1303 4042 1666 4129 postronky
1715 4044 1930 4107 missis
1974 4044 2220 4107 ibidem
2269 4044 2332 4107 iu
2393 4043 2623 4107 Chelm
2671 4048 2758 4108 ad
2795 4066 3029 4109 currus
3065 4048 3333 4130 regales
3370 4044 3509 4108 VII
3547 4067 3635 4109 sc.

433 4154 590 4217 item
639 4174 761 4236 pro
806 4154 979 4217 binis
1025 4153 1239 4216 ocreis
1285 4152 1584 4234 predicto
1634 4152 2076 4214 Marszalconi
2124 4172 2276 4215 cum
2326 4153 2510 4216 socio
2574 4174 2717 4227 su0,
2782 4163 3056 4217 vectore
3103 4155 3343 4217 assede
3387 4154 3637 4237 regalis

435 4264 522 4324 ad
567 4261 746 4324 viam
795 4262 1166 4342 predictam
1215 4261 1324 4322 IX
1373 4279 1462 4323 se.

647 4368 933 4432 Summa
979 4368 1259 4432 LXXII
1307 4388 1508 4431 mare.
1555 4367 1778 4430 XXII
1825 4387 1914 4429 sc,

649 4477 822 4539 Item
889 4477 1059 4539 Kuli
1123 4476 1469 4560 sagittario
1533 4476 1646 4539 dni
1713 4475 1934 4557 Regis
2007 4476 2094 4537 ad
2167 4476 2561 4538 mandatum
2628 4474 2833 4557 ipsius
2898 4474 3012 4536 dni
3088 4475 3308 4558 Regis
3380 4475 3637 4538 literale

437 4584 470 4645 I
516 4605 752 4668 sexag.

436 4692 591 4754 item
641 4712 766 4773 pro
811 4690 1126 4773 pancerio
1172 4691 1332 4752 dato
1380 4690 1794 4764 Czochaloni‚
1841 4689 2147 4752 familiari
2211 4688 2327 4753 dni
2374 4689 2593 4771 Regis
2643 4690 2728 4751 ad
2776 4689 3032 4752 literam
3081 4688 3288 4770 ipsius
3335 4689 3449 4751 dni
3498 4688 3637 4751 Re-

438 4799 545 4883 gis
591 4798 694 4860 III
741 4818 940 4861 marc.

437 4906 596 4969 item
642 4926 766 4987 pro
813 4905 1096 4967 stamine
1145 4902 1468 4967 z‘axamz‘tz'
1503 4904 1678 4987 nigri
1725 4904 1810 4966 ad
1859 4905 2263 4979 thezaurum,
2324 4905 2409 4965 de
2457 4924 2591 4986 quo
2640 4904 2852 4967 eciam
2919 4903 3103 4966 iacca
3150 4905 3285 4966 dno
3332 4902 3638 4965 Witoldo

439 5032 624 5074 sarsa
671 5022 774 5074 est
820 5011 1118 5074 XXXII
1167 5031 1368 5074 marc.

438 5120 599 5183 item
645 5118 812 5181 feria
857 5118 959 5180 VI
1005 5119 1315 5201 proxima
1363 5119 1520 5203 (3s7)
1568 5138 1690 5200 pro
1737 5118 1966 5180 XXX
2013 5118 2188 5181 vlnis
2233 5118 2368 5181 tele
2408 5120 2493 5181 ad
2532 5118 2899 5199 predictam
2941 5118 3213 5191 iaceam,
3260 5117 3639 5199 recipiendo

439 5228 668 5290 vlnam
716 5248 836 5309 per
883 5227 950 5289 11
998 5247 1097 5310 gr.
1145 5246 1412 5288 summa
1458 5226 1491 5288 I
1539 5245 1740 5288 marc.
1790 5226 1821 5287 I
1869 5224 2014 5287 fert.

439 5335 596 5397 item
645 5354 769 5417 pro
817 5333 890 5396 X
937 5334 1112 5395 vinis
1157 5334 1472 5396 barchani
1520 5333 1695 5414 nigri
1761 5334 1846 5394 ad
1911 5332 2278 5413 predictam
2346 5332 2617 5407 iaceam,
2683 5332 3067 5415 recipiendo
3132 5334 3361 5394 vlnam
3408 5352 3527 5413 per
3573 5330 3640 5391 V

441 5462 538 5525 gr.
587 5462 854 5505 summa
899 5440 1058 5504 facit
1105 5441 1137 5503 I
1184 5461 1385 5504 marc.
1431 5441 1500 5503 II
1548 5461 1646 5524 gr.

438 5550 598 5613 item
645 5570 770 5632 pro
816 5548 919 5610 VI
965 5549 1138 5611 vlnis
1175 5547 1484 5633 pokoczz'n
1537 5548 1709 5631 nigri
1756 5548 1843 5609 ad
1889 5547 2256 5628 predictam
2304 5547 2559 5610 iaceam
2607 5548 2733 5609 sub
2789 5546 3111 5609 iaxamito
3158 5546 3492 5627 ponend0‚
3539 5564 3640 5607 re-

439 5656 748 5740 cipiendo
795 5657 1025 5719 vlnam
1071 5676 1194 5738 per
1239 5656 1382 5737 V¹l2
1442 5677 1541 5739 gr.
1589 5675 1852 5717 summa
1899 5655 2056 5718 facit
2101 5655 2323 5737 XV¹j2
2382 5676 2471 5718 sc.
