4592 6559
1189 498 1568 563 REJESTRA
1615 498 2202 549 PODSKARBIEGO
2248 500 2582 549 HINCZKI.
2642 507 2821 567 1394.
3487 495 3559 552 18
3570 511 3602 567 3

412 698 572 760 item
621 697 1084 779 Wyrzbanthe
1130 698 1312 762 dicto
1359 697 1898 783 Smoguleczsky
1944 702 2029 763 de
2077 700 2355 763 Polonia
2403 702 2489 763 ad
2527 702 2917 764 mandatum
2958 702 3073 763 dni
3110 701 3334 785 Regis
3372 705 3606 766 vocale

411 804 564 867 XX
609 825 811 868 mare.
1435 802 1438 807 ’

409 912 568 975 item
616 932 740 993 pro
785 932 982 976 curru
1030 932 1183 975 cum
1231 913 1602 978 attinenciis
1647 914 1784 978 suis
1832 915 2021 1000 Regi
2066 915 2141 978 X
2188 934 2389 978 marc.

409 1019 570 1082 item
615 1020 956 1085 Meczslao
1004 1021 1088 1083 de
1133 1020 1198 1085 S
1195 1017 1542 1105 mogorzow
1587 1042 1710 1104 pro
1757 1022 1831 1085 X
1870 1022 2044 1085 vlnis
2089 1024 2290 1105 panni
2342 1023 2721 1086 Bruslensis
2776 1043 2897 1104 per
2953 1024 3015 1104 ¹:72
3076 1044 3275 1087 marc.
3341 1046 3607 1087 summa

409 1126 566 1190 facit
612 1128 700 1190 ad
746 1128 1140 1191 mandatum
1188 1128 1409 1212 Regis
1456 1129 1523 1190 V
1571 1149 1774 1193 mare.

407 1233 565 1297 item
614 1234 930 1297 Floriano
993 1234 1308 1317 pincerne
1374 1236 1682 1319 aquatico
1747 1256 1868 1319 pro
1933 1239 2233 1319 spadone
2301 1238 2385 1301 ad
2454 1240 2843 1301 mandatum
2910 1238 3023 1301 dni
3090 1239 3311 1321 Regis
3369 1242 3604 1303 vocale

405 1341 559 1405 XX
604 1362 805 1405 mare.

406 1449 568 1512 item
613 1450 1174 1531 viceprocuratori
1223 1450 1648 1514 Cracouiensi
1695 1471 1816 1534 pro
1865 1451 2180 1533 expensis
2221 1452 2603 1515 ordinandis
2644 1452 2831 1535 Regi
2874 1465 2942 1515 et
2980 1453 3253 1536 Regine
3292 1455 3377 1516 ad
3418 1474 3601 1517 man-

405 1556 636 1619 datum
684 1558 1010 1621 eiusdem‘
1035 1556 1150 1621 dni
1196 1558 1418 1641 Regis
1465 1558 1616 1622 XX
1665 1579 1865 1622 mare.

403 1664 561 1727 item
607 1664 1092 1730 fistulatoribus
1136 1667 1400 1730 ducisse
1447 1666 1775 1731 Semouiti
1821 1668 1906 1729 ad
1955 1668 2349 1730 mandatum
2400 1668 2623 1750 Regis
2670 1668 2736 1727 II
2782 1686 2984 1731 mare.

615 1772 900 1837 Summa
946 1772 1135 1838 CXL
1181 1795 1382 1837 marc,
1430 1774 1652 1838 XXII
1698 1795 1786 1837 se.
1845 1782 1848 1789 '

613 1880 786 1944 Item
826 1882 1220 1965 Wylhelmo
1257 1882 1669 1963 procuratori
1708 1880 2231 1945 Sandomiriensi
2268 1901 2471 1963 super
2507 1881 2737 1943 labore
2774 1881 3019 1944 ibidem
3061 1883 3230 1945 muri
3268 1884 3335 1946 in
3365 1894 3599 1960 castre,

401 1988 488 2049 ad
533 1990 926 2052 mandatum
975 1989 1090 2052 dni
1136 1990 1358 2072 Regis
1402 1992 1638 2053 vocale
1685 1989 1838 2052 XX
1884 2010 2086 2053 marc.

397 2094 557 2158 item
603 2095 1084 2161 Marsszalconi
1131 2098 1384 2160 vectori
1433 2118 1587 2161 cum
1635 2098 1832 2161 sociis
1879 2099 1966 2160 ad
2011 2099 2327 2160 balneum
2380 2097 2409 2159 Ι
2458 2117 2555 2180 gr.

395 2202 555 2266 item
599 2204 912 2267 Dobconi
959 2203 1408 2288 Oleschinsky
1455 2226 1578 2286 pro
1623 2223 1850 2285 panno
1897 2204 2121 2269 tunice
2187 2206 2514 2287 equestris
2584 2207 2668 2268 ad
2736 2207 3129 2268 mandatum
3198 2207 3309 2269 dni
3371 2206 3591 2291 Regis

395 2311 632 2373 vocale
677 2312 712 2374 I
756 2332 956 2376 marc.

395 2416 555 2479 item
601 2438 724 2500 pro
770 2421 986 2482 serico
1033 2419 1254 2503 griseo
1301 2430 1368 2483 et
1415 2420 1608 2503 nigro
1656 2422 1743 2483 ad
1773 2420 2021 2502 ·ioppas
2067 2419 2182 2483 dni
2228 2420 2467 2504 Regis,
2514 2421 2673 2483 dato
2703 2419 3003 2483 Henrico
3040 2421 3274 2483 sartori
3305 2420 3478 2484 VIII
3506 2442 3594 2485 se.

391 2523 550 2587 item
599 2544 722 2607 pro
767 2526 877 2589 XI
924 2528 1100 2590 vlnis
1131 2527 1278 2590 'tele
1325 2527 1662 2591 Nissensis
1709 2548 1830 2609 per
1874 2528 2253 2591 Henricum
2301 2527 2672 2611 predictum
2722 2548 2844 2609 per
2889 2528 2999 2609 I¹l2
3050 2548 3149 2613 gr.
3196 2549 3460 2591 summa
3498 2529 3593 2592 fa-

392 2630 483 2694 cit
525 2630 638 2695 XI
684 2654 773 2696 sc.

388 2738 546 2801 item
594 2761 716 2821 pro
762 2741 828 2803 II
875 2742 1207 2823 lapidibus
1253 2742 1573 2825 amigdali
1619 2744 1702 2806 ad
1749 2744 2121 2824 parandum
2189 2744 2411 2805 oleum
2484 2742 2669 2825 Regi
2704 2745 2822 2806 ad
2887 2742 3235 2806 Poloniam
3304 2764 3425 2825 per
3471 2744 3581 2826 I¹s2

389 2866 590 2910 mare.
637 2868 902 2911 summa
946 2848 1106 2912 facit
1152 2850 1255 2912 III
1303 2869 1506 2913 mare.

386 2954 545 3017 item
593 2976 716 3036 pro
762 2976 960 3020 sacco
1008 2957 1257 3020 eisdem
1309 2958 1662 3041 amigdalis
1709 2957 1818 3039 Ill²
1878 2978 1978 3041 gr.

386 3061 546 3124 item
594 3081 716 3143 pro
764 3062 833 3126 II
878 3064 1208 3127 mensuris
1253 3084 1501 3128 nucum
1550 3067 2002 3139 auelanarum,
2051 3075 2353 3128 coretum
2400 3085 2521 3146 per
2566 3066 2641 3128 X
2688 3084 2785 3148 gr.
2834 3084 2956 3147 pro
2998 3061 3153 3128 oleo
3201 3068 3337 3130 dno
3385 3066 3588 3153 Regi,

385 3190 652 3233 summa
695 3169 856 3233 facit
901 3172 934 3233 I
980 3192 1216 3256 sexag.

384 3277 544 3339 item
591 3297 713 3360 pro
759 3298 959 3341 sacco
1006 3279 1258 3343 eisdem
1306 3280 1590 3343 nucibus
1637 3270 1946 3343 auelanis'
1981 3278 2049 3344 ΙΙ
2061 3279 2126 3361 ¹l2
2187 3301 2284 3364 gr.

383 3384 542 3447 item
590 3406 713 3467 pro
753 3385 853 3447 IV
902 3387 1074 3449 coris
1119 3388 1472 3471 papaueris
1536 3408 1656 3470 pro
1723 3388 1945 3451 medio
2010 3388 2270 3451 decimo
2320 3408 2419 3471 gr.
2485 3356 2553 3449 ἃ
2588 3382 2721 3449 ·1V
2769 3388 2918 3450 den.
2987 3389 3199 3451 eciam
3246 3409 3368 3470 pro
3416 3391 3583 3463 oleo,

382 3500 648 3556 summa
691 3486 850 3557 facit
893 3494 1082 3558 XXI
1127 3514 1216 3559 sc.
1276 3494 1338 3576 ¹l2
1398 3516 1496 3579 gr.
3042 3492 3049 3497 ’
3597 3500 3609 3509 “

381 3600 540 3663 item
587 3622 710 3683 pro
755 3623 953 3666 sacco
999 3604 1215 3665 eidem
1263 3604 1580 3684 papaueri
1625 3602 1770 3683 111J2
1830 3624 1930 3687 gr.

380 3708 538 3769 item
585 3729 708 3790 pro
753 3718 1099 3792 portatura
1145 3710 1594 3793 predictorum
1643 3712 1729 3773 ad
1777 3708 2104 3773 oleificem
2153 3710 2184 3772 I
2232 3732 2331 3795 gr.

592 3814 876 3879 Summa
923 3816 1213 3881 XXVII
1264 3838 1463 3881 mare.
1510 3817 1577 3878 V
1625 3839 1725 3902 gr.

591 3924 762 3986 Item
808 3945 931 4006 pro
979 3924 1044 3987 Π
1090 3923 1380 3988 flasculis
1425 3923 1656 3988 ferreis
1719 3944 1842 4007 pro
1899 3927 2049 3987 oleo
2115 3945 2364 3988 nucum
2430 3910 2887 3987 anellanarum
2954 3937 3021 3987 et
3086 3925 3575 4015 amigdalorum

376 4028 554 4091 XIV
601 4051 689 4093 se.

375 4138 532 4200 item
580 4158 704 4219 pro
752 4140 1038 4223 cingulis
1085 4142 1174 4203 ad
1218 4142 1430 4205 dictas
1475 4138 1824 4205 flaszeulas
1871 4141 1969 4203 IV
2019 4162 2118 4226 gr.

371 4244 531 4308 item
577 4266 700 4328 pro
747 4248 1010 4331 lagenis
1056 4249 1206 4310 oleo
1253 4248 1608 4331 papaueris
1654 4249 1722 4311 II
1764 4270 1864 4333 gr.

371 4352 530 4415 item
578 4352 738 4417 feria
785 4353 888 4416 III
935 4356 1244 4437 sequenti
1291 4355 1342 4437 (1
1355 4354 1492 4439 os3)
1540 4356 2100 4437 viceprocuratori
2147 4352 2573 4419 Cracouiensi
2636 4373 2758 4436 pro
2816 4354 3201 4418 ordinandis
3272 4375 3571 4419 necessa-

369 4459 480 4521 riis
525 4460 641 4522 dni
686 4461 907 4544 Regis
953 4472 1021 4525 et
1067 4462 1359 4546 Regine,
1405 4482 1528 4544 pro
1576 4464 1890 4545 expensis
1936 4462 2165 4525 XXX
2212 4484 2410 4526 marc.

370 4564 528 4629 item
579 4567 878 4631 Henrico
924 4569 1161 4631 sartori
1207 4590 1331 4651 pro
1375 4570 1505 4633 filis
1552 4573 1638 4633 ad
1686 4572 2076 4633 mandatum
2124 4571 2240 4633 dni
2287 4571 2507 4655 Regis
2555 4571 2665 4633 XI
2714 4592 2814 4653 gr.

367 4675 528 4737 item
575 4696 698 4757 pro
745 4674 814 4738 II
861 4677 1188 4741 mensuris
1234 4676 1564 4759 pulmenti
1609 4678 1937 4741 auenatici
1984 4678 2172 4741 XXI
2217 4699 2307 4741 sc,

365 4783 526 4845 item
575 4802 696 4865 pro
742 4804 940 4847 sacco
987 4785 1204 4847 eidem
1251 4787 1598 4866 pulmento
1646 4787 1732 4848 ad
1779 4784 2129 4849 Poloniam
2176 4786 2280 4848 III
2329 4807 2427 4870 gr.

363 4890 524 4953 item
572 4911 695 4972 pro
744 4912 1154 4955 cmczmorca
1198 4894 1334 4955 dno
1380 4892 1566 4976 Regi
1615 4894 1700 4956 ad
1747 4892 2095 4956 Poloniam
2145 4894 2333 4956 XIX
2378 4914 2467 4956 sc.
2514 4893 2547 4954 I
2595 4913 2693 4976 gr.

361 4998 522 5060 item
569 5019 693 5080 pro
739 4998 808 5061 II
855 4998 1034 5061 vasis
1081 4996 1275 5063 dictis
1321 4998 1518 5062 krobe
1563 4999 1780 5063 eidem
1827 4998 2272 5063 kruczmorcze
2316 5000 2385 5061 V
2432 5020 2529 5084 gr.

361 5105 522 5167 item
569 5125 694 5187 pro
742 5116 1090 5187 portatura
1136 5106 1468 5170 dictorum
1517 5127 1918 5170 cruczmorce
1962 5118 2032 5170 et
2077 5108 2403 5189 pulmenti
2450 5108 2483 5170 Ι
2530 5128 2627 5189 gr.

361 5211 519 5274 item
569 5234 691 5294 pro
739 5213 806 5276 II
854 5214 1126 5295 paribus
1172 5225 1594 5297 strepparum
1642 5233 2038 5295 cuprearum
2087 5216 2222 5275 dno
2270 5214 2457 5295 Regi
2506 5214 2537 5275 I
2584 5234 2785 5276 marc.

356 5318 518 5381 item
565 5319 728 5382 feria
774 5320 877 5382 IV
925 5322 1125 5404 (11s3)
1174 5322 1454 5385 Andree
1501 5320 1778 5385 sweczm'
1831 5342 1954 5401 pro
2000 5321 2383 5383 ordinandis
2447 5320 2763 5401 expensis
2827 5320 3135 5402 Procopo
3194 5321 3562 5384 marchioni

357 5428 446 5490 ad
493 5430 886 5490 mandatum
934 5429 1048 5491 dni
1098 5429 1320 5513 Regis
1366 5429 1501 5491 XL
1548 5449 1748 5492 marc.

354 5533 516 5596 item
565 5535 700 5597 dno
745 5532 1027 5599 Nicolao
1076 5538 1162 5600 de
1210 5536 1466 5599 Kurow
1512 5556 1635 5618 pro
1682 5534 1938 5598 XXVI
1983 5556 2187 5599 mare.
2235 5554 2335 5618 gr.
2392 5554 2561 5616 quas
2624 5554 2748 5615 pro
2817 5533 3021 5618 Rege
3068 5535 3381 5609 soluerat,
3445 5536 3559 5597 ad-

355 5640 583 5705 dendo
627 5640 662 5703 I
707 5641 855 5706 fert.
900 5663 1104 5724 super
1147 5661 1461 5720 marcam,
1509 5663 1773 5707 summa
1817 5640 2230 5724 XXXIII¹J2
2289 5662 2490 5709 mare.
3480 5672 3485 5675 ·
