4592 6559
1005 496 1120 561 168
1802 510 2180 575 REJESTRA
2230 508 2816 559 PODSKARBIEGO
2864 509 3196 559 HthzKL
3255 516 3442 583 1393·

1210 710 1493 774 Summa
1538 711 1774 791 L111¹s2
1835 732 2035 774 marc.

1207 820 1380 881 Item
1425 838 1546 899 pro
1594 818 1833 881 balista
1879 818 2191 881 Arnoldo
2237 818 2419 881 socio
2465 818 2673 900 ipsius
2729 816 3213 880 Sbroschconis
3259 818 3345 880 ad
3392 817 3758 897 predictam
3806 815 4193 897 expedicio-

996 947 1168 1002 nem,
1215 928 1302 990 ad
1349 927 1737 989 mandatum
1787 926 1902 989 dni
1949 925 2170 1009 Regis
2216 926 2248 989 I
2297 945 2497 988 mare.
2545 924 2578 986 I
2628 944 2727 1007 gr.

997 1034 1156 1097 item
1201 1054 1326 1116 pro
1375 1033 1585 1097 saccis
1644 1031 1910 1096 famulis
1973 1032 2285 1115 paniferis
2350 1032 2543 1095 dictis
2608 1029 2933 1095 chelbm'm
2996 1032 3352 1113 regalibus,
3416 1030 3483 1092 in
3553 1030 3797 1112 quibus
3860 1030 4051 1112 panis
4106 1031 4195 1093 ad

998 1162 1298 1205 mensam
1347 1151 1648 1223 portatur
1693 1141 1762 1202 II
1809 1161 1899 1203 se.

996 1251 1156 1311 item
1205 1269 1326 1332 pro
1373 1258 1717 1331 portatura
1763 1248 1964 1329 panni
2012 1249 2099 1310 de
2145 1249 2349 1310 domo
2396 1247 2691 1330 zupparii
2738 1249 2824 1311 ad
2869 1249 3264 1310 thezaurum
3312 1246 3345 1309 I
3394 1266 3491 1329 gr.

996 1358 1155 1420 item
1203 1377 1324 1439 pro
1371 1356 1688 1439 expensis
1733 1356 1922 1419 ducis
1967 1354 2336 1418 wasilonis
2402 1355 2467 1417 in
2534 1355 2855 1419 rediendo
2921 1354 3007 1417 ad
3054 1354 3338 1435 propria,
3403 1354 3489 1417 ad
3554 1354 3946 1416 mandatum
3994 1351 4199 1433 ipsius

999 1464 1112 1528 dni
1161 1463 1381 1547 Regis
1429 1464 1495 1525 II
1535 1482 1733 1526 marc.

999 1572 1157 1635 item
1205 1591 1326 1653 pro
1375 1569 1814 1653 exempcione
1861 1569 1946 1632 de
1993 1569 2292 1650 hospicio
2359 1569 2579 1633 nuncii
2646 1580 2712 1631 et
2778 1568 3116 1633 familiaris
3180 1568 3369 1632 ducis
3416 1568 3748 1633 Witholdi
3812 1569 3898 1631 ad
3942 1567 4197 1630 iussum

1001 1678 1115 1742 dni
1162 1678 1384 1763 Regis
1428 1679 1664 1740 vocale
1725 1677 1787 1757 ¹s2
1845 1696 2078 1759 sexag.

1000 1786 1158 1848 item
1207 1805 1328 1867 pro
1375 1785 1676 1867 spadone
1723 1784 1926 1847 misso
1972 1784 2125 1846 duci
2170 1784 2404 1847 Iwano
2450 1785 2537 1847 ad
2579 1784 2979 1847 relacionem
3020 1782 3136 1846 dni
3172 1783 3394 1865 Regis
3434 1785 3735 1845 vocalem
3774 1782 3957 1845 XIV
3994 1802 4197 1844 marc,

999 1892 1158 1957 item
1206 1913 1328 1973 pro
1373 1890 1502 1954 filis
1549 1892 1860 1954 coloratis
1906 1892 2243 1955 Petrassio
2289 1892 2527 1955 sartori
2574 1892 2688 1954 dni
2736 1891 2959 1975 Regis
3006 1891 3037 1953 Ι
3084 1911 3175 1954 sc.

1000 2002 1160 2063 item
1237 2001 1522 2062 sabbato
1596 1999 1662 2062 in
1737 1998 1844 2060 die
1919 1996 2241 2061 Omnium
2318 1997 2719 2062 Sanctorum
2788 2000 3005 2081 (1s11)·
3052 2019 3177 2081 pro
3222 1998 3291 2061 II
3336 1998 3479 2061 flor.
3544 1998 3717 2061 datis
3782 1998 3848 2059 in
3916 1998 4201 2061 ecclesia

1002 2105 1320 2171 Omnium
1374 2106 1778 2170 Sanctorum
1825 2106 1892 2168 in
1941 2104 2269 2169 Cracovia
2315 2107 2450 2169 dno
2500 2106 2687 2190 Regi
2734 2126 2856 2187 pro
2902 2104 3245 2169 offertorio
3293 2106 3359 2167 in
3408 2106 3611 2169 missa
3657 2106 3689 2167 I
3738 2125 3939 2168 marc.

1000 2216 1162 2278 item
1212 2235 1334 2296 pro
1382 2212 1720 2276 offertorio
1767 2214 1900 2276 dne
1948 2213 2222 2296 Regine
2267 2233 2389 2296 per
2428 2214 2528 2292 J0.
2580 2214 2907 2276 notarium
2956 2214 3249 2276 thezauri
3294 2212 3467 2275 VIII
3514 2232 3603 2275 se.

1001 2324 1158 2385 item
1207 2342 1331 2405 pro
1378 2322 1409 2382 I
1456 2341 1692 2384 mensa
1736 2321 1872 2384 dno
1921 2320 2104 2401 Regi
2150 2321 2214 2382 in
2269 2318 2722 2403 Nepolomz'cze
2766 2322 3070 2393 deducta,
3118 2318 3519 2383 Sothlantho
3570 2318 3893 2382 mensifici
3930 2319 3996 2382 in
4042 2318 4201 2382 Cra-

1003 2430 1196 2493 couia
1245 2430 1312 2491 II
1357 2449 1559 2492 mare.

1001 2537 1160 2601 item
1207 2557 1329 2619 pro
1377 2536 1692 2619 expensis
1738 2536 1852 2599 dni
1903 2535 1988 2597 H.
2035 2536 2582 2599 vicethezaurarii
2646 2536 3065 2617 precedentis
3130 2535 3501 2618 septimane
3556 2534 3623 2599 II
3670 2554 3871 2597 marc,
3920 2533 4063 2597 XV
4110 2554 4201 2597 sc.

925 2694 928 2699 .
1002 2646 1161 2707 item
1209 2645 1314 2707 die
1361 2644 1695 2708 dominico
1744 2643 1821 2704 In
1871 2643 2216 2705 voluntate
2265 2642 2512 2727 (¹9l10)
2562 2642 2963 2706 Michalconi
3012 2642 3419 2706 cubiculario
3463 2643 3579 2704 dni
3628 2642 3850 2727 Regis
3889 2642 3975 2705 ad
4014 2661 4190 2704 man·

1001 2756 1232 2817 datum
1279 2752 1390 2815 dni
1441 2751 1662 2834 Regis
1707 2770 1908 2833 super
1953 2751 2202 2813 iaceam
2254 2750 2319 2811 II
2368 2770 2567 2813 mare.

1002 2861 1160 2924 item
1209 2879 1331 2941 pro
1379 2858 1682 2922 cirotecis
1729 2857 1924 2921 sociis
1970 2858 2268 2921 thezauri
2315 2859 2429 2919 dni
2478 2858 2701 2941 Regis
2747 2858 2777 2919 I
2826 2878 3031 2922 marc.

1217 2966 1500 3029 Summa
1545 2964 1798 3027 XXVI
1848 2985 2048 3028 marc.
2097 2964 2198 3027 III
2245 2964 2388 3029 fert.

1216 3075 1386 3137 Item
1439 3093 1562 3155 pro
1609 3073 1850 3136 calceis
1898 3073 2149 3136 eisdem
2197 3073 2391 3135 sociis
2436 3074 2733 3136 thezauri
2783 3073 2882 3135 III
2930 3072 3073 3135 fert.

1005 3183 1163 3245 item
1210 3202 1332 3264 pro
1381 3180 1860 3244 emendacione
1908 3182 2086 3255 cisto,
2153 3182 2218 3241 in
2269 3202 2403 3262 qua
2450 3200 2637 3243 arma
2700 3181 2813 3243 dni
2882 3182 3103 3263 Regis
3168 3182 3232 3241 in
3300 3180 3411 3242 via
3475 3182 3810 3243 ducuntur
3856 3200 4008 3242 cum.
4056 3181 4202 3263 ipso

1005 3292 1140 3354 dno
1189 3289 1392 3372 Rege
1439 3288 1504 3349 V
1553 3308 1652 3371 gr.

1006 3398 1166 3461 item
1212 3416 1336 3478 pro
1381 3397 1624 3460 calceis
1670 3396 1784 3458 vni
1833 3396 2200 3470 Lithwano,
2250 3397 2366 3479 qui
2412 3397 2496 3459 de
2544 3397 2928 3478 captiuitate
2976 3396 3465 3459 Pruthenorum
3516 3395 3731 3458 euasit
3776 3394 3843 3455 V
3890 3416 3987 3478 gr.

1008 3504 1165 3567 item
1212 3524 1334 3585 pro
1383 3524 1557 3586 equo
1605 3504 1820 3565 eidem
1871 3503 2221 3567 Lithwano
2269 3506 2357 3567 ad
2402 3504 2803 3567 relacionem
2856 3504 2967 3566 dni
3016 3503 3236 3585 Regis
3283 3502 3349 3564 II
3398 3522 3597 3565 mare.

1007 3613 1166 3674 item
1214 3632 1339 3693 pro
1386 3611 1551 3674 sella
1598 3630 1747 3672 cum
1799 3611 2145 3674 atinenciis
2193 3611 2413 3675 eidem
2462 3608 2633 3673 VIII
2682 3632 2768 3673 se.

1008 3720 1167 3782 item
1213 3739 1337 3802 pro
1383 3717 1571 3781 freno
1629 3718 1845 3781 eidem
1913 3728 1981 3781 et
2049 3738 2168 3799 pro
2234 3718 2569 3799 expensiS,
2634 3728 2850 3781 totum
2899 3719 2982 3780 ad
3050 3719 3438 3781 mandatum
3507 3716 3619 3780 dni
3685 3718 3906 3801 Regis
3970 3718 4205 3780 vocale

1007 3826 1151 3889 XV
1199 3846 1297 3909 gr.

1008 3934 1166 3997 item
1233 3933 1677 3996 Marszalconi
1742 3933 1994 3995 vectori
2059 3933 2174 3996 dni
2239 3933 2477 4015 Regis,
2544 3933 2810 3995 racione
2876 3953 2995 3993 sue
3060 3932 3386 3995 mercedis
3452 3931 3761 4013 Quatuor
3823 3942 4203 4015 temporum

1009 4039 1357 4121 autumpni
1417 4040 1478 4119 Ἃ
1537 4060 1738 4102 marc,

1007 4148 1166 4211 item
1215 4147 1358 4210 aliis
1403 4148 1787 4211 vectoribus
1834 4147 1946 4211 dni
2003 4148 2224 4229 Regis
2287 4147 2709 4211 inferioribus
2774 4147 3039 4210 racione
3105 4147 3325 4209 solarii
3390 4146 3687 4229 ipsorum
3753 4148 4205 4229 predictorum

1010 4254 1318 4336 Quatuor
1363 4264 1760 4343 temporum,
1807 4257 2031 4319 dando
2077 4255 2346 4318 cuilibet
2393 4275 2512 4336 per
2558 4255 2589 4317 I
2636 4255 2779 4319 fert.
2827 4276 3091 4319 summa
3135 4254 3293 4317 facit
3339 4254 3406 4317 II
3454 4275 3653 4319 mare.
3701 4254 3803 4317 VI
3850 4276 3939 4319 sc,

1009 4361 1166 4425 item
1219 4362 1417 4423 Zeme
1464 4363 1548 4425 de
1594 4360 1848 4433 Zbank‚
1897 4362 2014 4443 qui
2068 4362 2134 4423 in
2183 4362 2567 4442 captiuitate
2634 4364 3078 4426 Prutenorum
3148 4363 3441 4436 sedebat,
3509 4364 3595 4426 ad
3642 4363 4043 4426 relacionem
4091 4361 4203 4425 dni

1010 4470 1230 4553 Regis
1277 4468 1380 4532 III
1428 4490 1628 4533 marc,

1010 4575 1170 4639 item
1217 4578 1353 4639 dno
1401 4576 1734 4640 Petrassio
1781 4579 1865 4640 de
1912 4574 2170 4640 Falcow
2216 4578 2303 4640 ad
2351 4578 2739 4640 mandatum
2788 4577 2903 4640 dni
2949 4578 3171 4660 Regis
3216 4578 3453 4641 vocale
3498 4577 3564 4638 V
3613 4597 3812 4641 mare.

1009 4684 1170 4745 item
1219 4683 1380 4746 Ade
1427 4685 1511 4746 de
1559 4682 1832 4755 Rudno,
1881 4683 2230 4767 terrigene·
2264 4681 2701 4755 Strzelciensi‚
2750 4685 2837 4747 ad
2883 4686 3276 4748 mandatum
3326 4685 3440 4748 dni
3485 4685 3708 4768 Regis
3754 4684 3821 4746 V
3871 4704 4069 4748 marc.

1009 4790 1169 4852 item
1216 4791 1352 4853 dno
1399 4789 1734 4852 Petrassio
1781 4788 2247 4853 Schasfranecz
2293 4810 2497 4871 super
2542 4790 2687 4853 XII
2733 4792 3007 4855 balistas
3044 4793 3131 4855 ad
3168 4790 3563 4855 fortalicium
3614 4792 3678 4853 in
3728 4789 4199 4866 Plawnowz'cze,

1009 4897 1098 4960 ad
1144 4897 1548 4960 relacionem
1598 4897 1712 4960 dni
1757 4897 1979 4981 Regis
2025 4896 2170 4958 XII
2217 4916 2421 4960 mare.
2469 4895 2570 4958 VI
2614 4918 2705 4961 sc,

1010 5002 1169 5067 item
1215 5002 1606 5067 Stasszkoni
1651 5006 1736 5067 de
1782 5002 2130 5067 Sedlm'cza
2177 5005 2262 5067 ad
2308 5004 2709 5069 relacionem
2777 5004 3158 5088 Spithconis
3219 5007 3493 5088 palatini
3558 5016 3628 5070 et
3674 5006 3999 5088 capitanei
4049 5006 4101 5068 C
4104 5027 4204 5071 ra-

1009 5110 1342 5174 coviensis
1387 5109 1455 5171 V
1503 5131 1664 5175 mar.

1226 5216 1512 5281 Summa
1555 5218 1888 5281 XXXVI
1934 5240 2137 5283 marc.
2183 5218 2363 5284 XIV
2412 5240 2500 5282 sc,
2550 5220 2579 5281 Ι
2628 5241 2731 5305 gr.

1225 5325 1393 5387 Item
1443 5324 1607 5389 feria
1652 5324 1718 5385 V
1767 5326 2072 5407 proxime
2119 5326 2425 5409 sequenti
2473 5329 2529 5410 (2
2541 5348 2574 5405 3
2580 5328 2719 5411 s1o)
2788 5326 3046 5391 Sadoni
3111 5330 3443 5392 advocato
3506 5328 3593 5391 de
3656 5326 3877 5399 Scala,
3946 5329 4201 5393 custodi

1011 5451 1314 5496 serarum
1361 5433 1688 5516 regalium
1735 5434 1802 5494 in
1849 5445 2068 5497 castro
2115 5433 2560 5507 Cracoviensi‚
2608 5435 2695 5497 ad
2740 5436 3142 5499 relacionem
3190 5438 3303 5499 dni
3351 5435 3575 5519 Regis
3621 5434 3722 5498 VI
3770 5456 3857 5499 sc,

1012 5541 1172 5605 item
1220 5560 1342 5622 pro
1388 5540 1652 5623 pellicio
1700 5540 2049 5603 Hermano
2096 5541 2276 5604 dicto
2325 5542 2575 5605 Rinerz
2622 5542 2736 5605 dni
2784 5542 3005 5626 Regis
3051 5543 3153 5605 III
3199 5542 3343 5606 fert.
