4592 6559
994 507 1108 579 178
1757 515 2134 580 REJESTRA
2187 514 2775 565 PODSKARBIEGO
2824 514 3155 564 HINCZKI.
3214 524 3397 582 1394·

977 715 1138 778 item
1177 736 1299 798 pro
1347 714 1520 779 VIII
1564 716 1737 779 vlnis
1782 716 2004 799 panni,
2049 718 2278 780 vlnam
2326 736 2448 799 per
2493 716 2667 779 VIII
2712 736 2800 779 sc,
2849 715 3020 779 datis
3066 716 3283 779 eidem
3330 715 3737 791 Barthossio,
3774 735 4040 779 summa
4077 714 4175 778 fa-

978 822 1068 885 cit
1114 822 1180 886 II
1227 843 1426 887 mare.
1471 823 1652 887 XVI
1696 844 1786 887 se.

974 931 1136 994 item
1183 930 1330 996 Culi
1377 932 1722 1015 sagittario
1768 932 1990 1016 Regis
2036 952 2158 1013 pro
2203 932 2411 995 lorica
2455 934 2539 995 ad
2588 932 2976 996 mandatum
3026 932 3137 996 dni
3186 931 3405 1015 Regis
3450 930 3553 994 III
3602 950 3803 995 marc.

975 1038 1134 1102 item
1180 1059 1306 1122 pro
1353 1040 1833 1103 emendacione
1881 1039 2179 1116 camaris,
2228 1061 2365 1122 quo
2411 1039 2806 1104 scinduntur
2841 1040 3092 1103 lumina
3138 1039 3241 1102 III
3290 1060 3387 1123 gr.

974 1145 1134 1209 item
1181 1145 1346 1209 feria
1390 1145 1492 1209 VI
1539 1148 1846 1230 sequenti
1896 1148 2096 1233 (20s2)
2146 1167 2268 1228 pro
2317 1148 2557 1211 axibus
2604 1148 2796 1212 dictis
2842 1168 3026 1233 osszy,
3073 1149 3160 1211 ad
3206 1167 3439 1210 currus
3486 1146 3707 1230 Regis
3753 1142 3925 1207 VIII
3972 1164 4069 1228 gr.

974 1252 1132 1315 item
1199 1274 1319 1335 per
1390 1253 1968 1318 Marschalconem
2036 1264 2375 1317 vectorem
2446 1254 2669 1338 Regis
2713 1274 2837 1336 pro
2884 1272 3101 1318 tasson
3166 1254 3252 1317 ad
3318 1254 3619 1336 paranda
3681 1271 3996 1316 curruum
4054 1272 4169 1314 ne-

974 1361 1262 1425 cessaria
1306 1360 1409 1423 IV
1457 1382 1556 1446 gr.

971 1467 1130 1531 item
1179 1470 1462 1532 sabbato
1509 1468 1816 1553 sequenti
1863 1468 2064 1554 (21s2)
2112 1490 2234 1553 pro
2277 1468 2409 1533 filis
2458 1467 2716 1533 moders
2760 1471 2844 1532 ad
2896 1470 3316 1533 consuendas
3362 1467 3652 1532 cortinas
3698 1478 3767 1531 et
3804 1466 3933 1530 alia
3969 1468 4173 1531 vesti—-

971 1585 1200 1638 menta
1245 1576 1484 1659 RegiS,
1532 1576 1833 1640 Henrico
1879 1577 2118 1640 sartori
2175 1576 2238 1659 ¹l2
2297 1596 2497 1642 marc.

971 1682 1128 1746 item
1177 1704 1300 1766 pro
1344 1682 1474 1747 filis
1520 1685 1687 1748 albis
1735 1686 1822 1748 ad
1860 1686 2322 1748 consuendum
2370 1684 2710 1758 mensalia,
2774 1683 3197 1768 manutergia
3260 1692 3328 1748 et
3371 1683 3733 1747 nasczilcas
3785 1683 3899 1746 dni
3946 1682 4165 1765 Regis

969 1790 1072 1853 IV
1117 1812 1216 1874 gr.

965 1897 1128 1961 item
1177 1898 1552 1961 Panussoni
1595 1900 1967 1963 balneatori
2012 1920 2136 1982 pro
2181 1900 2684 1964 subseleacione
2731 1918 3077 1964 ocrearum
3126 1900 3228 1963 III
3274 1918 3371 1983 gr.

965 2005 1126 2069 item
1174 2008 1336 2089 (pro)
1385 2008 1700 2089 expensis
1746 2008 2288 2071 vicethezaurarii
2337 2006 2447 2089 I¹l2
2508 2028 2709 2071 mare.
2756 2007 2860 2071 IV
2906 2029 3005 2092 gr.

964 2114 1124 2177 item
1171 2126 1324 2197 post
1370 2115 1772 2180 dominicam
1819 2114 1988 2179 Esto
2035 2116 2238 2180 michi
2281 2113 2445 2178 feria
2492 2114 2559 2178 11
2606 2116 2671 2177 in
2720 2114 2951 2201 vigilia
2996 2136 3045 2179 s,
3094 2114 3352 2178 Mathie
3400 2116 3455 2196 (2
3468 2135 3501 2193 3
3506 2113 3600 2196 sz)
3664 2132 3787 2196 pro
3851 2112 3883 2175 I
3938 2112 4163 2194 lapide

964 2221 1209 2303 piperis
1255 2222 1322 2283 V
1369 2243 1571 2287 marc.
1619 2224 1694 2285 X
1740 2243 1829 2286 se.

1178 2328 1462 2395 Summa
1508 2331 1653 2394 XV
1699 2350 1902 2395 marc.
1949 2332 2057 2395 IX
2105 2352 2195 2395 sc.
2241 2330 2355 2411 I¹l2
2414 2352 2515 2415 gr.

1179 2437 1350 2501 Item
1400 2459 1521 2519 pro
1568 2438 1634 2501 H
1683 2439 1865 2503 libris
1913 2439 2104 2513 croci,
2150 2459 2284 2521 que
2331 2438 2531 2501 misse
2577 2448 2734 2501 sunt
2778 2438 2841 2501 in
2894 2436 3348 2522 Nepolomz'cze
3392 2436 3600 2522 Regi,
3646 2436 3827 2517 III¹l2
3870 2456 4072 2498 marc.

961 2544 1122 2607 item
1170 2564 1293 2627 pro
1339 2545 1550 2609 saccis
1598 2546 1791 2609 dictis
1837 2545 2170 2609 radicibus
2219 2544 2330 2627 1¹l2
2388 2566 2486 2629 gr.

959 2652 1120 2714 item
1166 2671 1289 2734 pro
1337 2652 1370 2714 I
1417 2652 1638 2735 lapide
1685 2652 2060 2737 smigmatis
2106 2652 2242 2716 VII
2290 2674 2379 2717 sc.

959 2756 1120 2823 item
1168 2779 1292 2840 pro
1339 2760 1553 2822 serico
1602 2761 1774 2843 nigri
1821 2771 1888 2823 et
1934 2760 2134 2843 grisei
2181 2762 2421 2825 coloris
2469 2760 2570 2823 III
2616 2760 2760 2824 fert.

958 2866 1118 2929 item
1164 2886 1287 2948 pro
1333 2865 1434 2929 VI
1481 2867 1655 2930 vlnis
1689 2867 2001 2952 pokoczz'n
2047 2870 2222 2953 nigri
2267 2888 2389 2951 per
2435 2868 2536 2931 VI
2584 2888 2683 2952 gr.
2730 2870 2977 2942 vlnam,
3022 2888 3289 2931 summa
3335 2867 3493 2931 facit
3541 2866 3643 2929 III
3686 2865 3832 2930 fert.

957 2974 1117 3038 item
1165 2995 1289 3056 pro
1335 2973 1404 3036 V
1449 2976 1623 3038 vlnis
1669 2976 1802 3038 tele
1847 2978 2000 3039 albe
2047 2997 2169 3058 per
2213 2977 2280 3039 II
2326 2997 2416 3040 se.
2465 2977 2709 3053 vlnam‚
2757 2996 3024 3039 summa
3067 2975 3225 3039 facit
3269 2974 3346 3039 X
3392 2996 3481 3039 sc.

955 3082 1116 3144 item
1164 3102 1288 3164 pro
1334 3082 1400 3141 V
1449 3083 1744 3146 cuttibus
1789 3084 2011 3145 rubeis
2067 3086 2152 3145 ad
2199 3083 2598 3165 puluinaria,
2666 3083 2866 3147 cuttis
2930 3103 3051 3164 per
3104 3082 3207 3145 VI
3262 3102 3362 3166 gr.
3426 3102 3692 3146 summa
3753 3080 3913 3145 facit
3974 3080 4154 3144 XIV

955 3210 1047 3251 se.
1093 3189 1124 3251 I
1173 3211 1273 3273 gr.

949 3296 1112 3359 item
1160 3317 1282 3379 pro
1329 3296 1466 3361 VII
1515 3298 1686 3361 vlnis
1724 3296 1910 3383 galcz
1955 3320 2074 3381 per
2121 3298 2153 3361 I
2201 3320 2298 3383 gr.
2348 3309 2416 3361 et
2461 3297 2563 3361 IV
2610 3298 2761 3361 den.
2808 3300 3037 3361 vlnam
3084 3296 3455 3380 quamlibet
3512 3296 3915 3380 recipiendo,
3982 3295 4152 3359 datis

955 3404 1252 3469 Henrico
1299 3406 1552 3480 sartori,
1599 3426 1865 3469 summa
1910 3407 2067 3471 facit
2112 3407 2214 3469 IV
2261 3427 2352 3470 sc.
2400 3405 2544 3470 XII
2592 3408 2743 3470 den.

951 3513 1109 3575 item
1158 3534 1282 3595 pro
1329 3513 1433 3575 III
1478 3514 1810 3595 lapidibus
1857 3516 2236 3596 plumarum
2283 3516 2372 3577 ad
2418 3513 2791 3596 puluinaria
2836 3512 3075 3596 Regis,
3120 3534 3241 3595 per
3294 3511 3435 3575 XV
3481 3534 3569 3575 se.
3635 3512 3926 3593 lapidem
3990 3510 4151 3574 reci-

953 3620 1217 3701 piend0,
1265 3640 1531 3683 summa
1575 3620 1734 3683 facit
1781 3620 1813 3682 I
1859 3642 2062 3685 mare.
2111 3620 2331 3683 XXII
2378 3642 2467 3685 sc.
2513 3621 2548 3685 I
2594 3642 2693 3705 gr.

951 3726 1112 3789 item
1159 3726 1322 3789 feria
1369 3727 1470 3790 III
1508 3729 1816 3810 sequenti
1856 3728 2055 3811 (24s2)
2086 3749 2209 3811 pro
2239 3729 2575 3792 asseribus
2602 3730 2873 3792 sarratis
2901 3730 2988 3792 ad
3016 3728 3509 3792 reformandam
3540 3730 3814 3791 domum
3847 3737 4146 3808 emptam

954 3835 1133 3915 apud
1178 3836 1386 3898 dnum
1435 3834 1882 3918 Drogossium
1927 3836 1994 3899 in
2043 3845 2262 3899 castro
2312 3837 2739 3900 Cracouiensi
2786 3835 2959 3899 VIII
3006 3857 3099 3899 se.

952 3940 1112 4004 item
1161 3940 1428 4024 Hynczi
1474 3943 1792 4005 muratori
1841 3945 1924 4007 ad
1973 3944 2273 4008 laborem
2322 3945 2389 4008 in
2437 3946 2713 4008 castello
2760 3942 3208 4017 Cracouiensi,
3275 3945 3359 4006 ad
3409 3944 3797 4007 mandatum
3846 3940 3963 4005 dni
4008 3940 4149 4004 Re·

954 4049 1058 4131 gis
1105 4049 1180 4110 X
1230 4069 1426 4112 mare.

951 4156 1110 4219 item
1158 4175 1280 4238 pro
1327 4155 1429 4219 IV
1474 4157 1868 4221 staminibus
1915 4159 2119 4240 panni
2165 4160 2374 4240 empti
2423 4178 2544 4241 pro
2592 4158 2997 4223 cubiculario
3044 4159 3265 4240 Regis
3329 4169 3396 4222 et
3459 4158 3653 4222 sociis
3707 4157 4007 4221 thezauri
4060 4158 4149 4219 ad

951 4265 1341 4327 mandatum
1391 4265 1628 4348 RegiS,
1694 4267 1828 4329 duo
1892 4266 2178 4329 stamina
2241 4286 2365 4349 pro
2412 4265 2625 4328 XVII
2672 4287 2874 4330 marc.
2938 4276 3005 4328 et
3068 4268 3204 4329 duo
3268 4284 3390 4347 per
3436 4264 3570 4329 VII
3617 4284 3817 4328 mare.
3880 4282 4149 4328 summa

949 4370 1135 4433 istius
1181 4369 1340 4434 facit
1389 4372 1650 4434 XXXI
1697 4392 1897 4436 mare.

949 4480 1108 4542 item
1156 4500 1278 4561 pro
1325 4480 1435 4541 XI
1480 4481 1653 4543 vlnis
1697 4480 1901 4562 panni
1946 4481 2132 4565 longi
2170 4484 2254 4544 de
2295 4480 2457 4565 Tyn,
2508 4480 2680 4544 datis
2718 4480 3123 4545 Michalconi
3163 4480 3567 4544 cubiculario
3606 4477 3842 4563 Regis,
3880 4498 4143 4541 summa

950 4586 1054 4649 III
1101 4606 1301 4649 marc.
1349 4587 1449 4649 III
1495 4587 1640 4650 fert.

947 4694 1107 4758 item
1155 4694 1420 4757 cuidam
1466 4695 1791 4758 Rutheno
1837 4697 1924 4759 de
1979 4692 2210 4758 Chelm
2257 4697 2345 4757 ad
2394 4696 2784 4759 mandatum
2834 4695 2948 4759 dni
2995 4695 3216 4779 Regis
3262 4715 3386 4776 pro
3431 4694 3637 4757 lorica
3674 4694 3783 4776 I¹l2
3833 4714 4034 4758 marc.

1161 4800 1444 4866 Summa
1491 4801 1615 4864 LV
1662 4822 1860 4865 mare.
1910 4803 1943 4865 I
1989 4823 2078 4866 sc.
2125 4804 2158 4865 1
2206 4804 2440 4885 quadr.

1160 4909 1332 4972 Item
1379 4910 1590 4972 rasori
1632 4929 2010 4991 pannorum
2057 4930 2178 4991 pro
2223 4911 2457 4973 labore
2502 4920 2645 4973 toto
2682 4921 2983 4992 tempore
3021 4930 3061 4973 a
3098 4910 3224 4985 die,
3270 4930 3407 4993 quo
3437 4910 3765 4993 Hynczca
3799 4910 4139 4973 thezaura-

946 5016 1083 5079 rius
1129 5016 1403 5099 accepit,
1450 5017 1798 5099 hucusque
1846 5016 1948 5079 III
1997 5038 2197 5081 marc,
2245 5018 2349 5080 III
2394 5016 2535 5080 fert.

945 5124 1105 5187 item
1153 5122 1318 5187 feria
1363 5123 1465 5185 IV
1513 5126 1819 5207 sequenti
1868 5126 1922 5207 (2
1935 5145 1967 5204 5
1974 5124 2068 5208 βε)
2117 5125 2401 5209 Hyncze
2452 5123 2769 5188 muratori
2812 5144 2935 5207 pro
2976 5124 3207 5189 labore
3244 5124 3419 5187 muri
3452 5125 3651 5187 castri
3680 5122 4139 5189 Cracouiensis

945 5234 1034 5293 ad
1081 5232 1469 5293 mandatum
1519 5231 1634 5293 dni
1681 5232 1902 5315 Regis
1947 5232 2020 5294 X
2069 5250 2267 5296 marc.

945 5339 1104 5402 item
1155 5339 1487 5402 Petrassio
1535 5337 1916 5402 Saffranecz
1962 5360 2084 5423 pro
2133 5340 2275 5403 XII
2322 5341 2499 5403 vlnis
2536 5341 2740 5423 panni
2780 5338 3147 5404 brussehke
3180 5340 3270 5403 ad
3304 5341 3697 5404 mandatum
3737 5338 3958 5424 Regis
3994 5342 4137 5404 lite·

945 5448 1084 5509 rale
1130 5445 1232 5508 VI
1279 5466 1480 5509 mare.

943 5554 1103 5615 item
1151 5554 1367 5616 eidem
1415 5572 1538 5636 pro
1584 5555 1996 5617 subductura
2041 5554 2340 5618 eiusdem
2389 5556 2611 5618 tunice
2658 5554 3055 5619 mardurinis
3098 5557 3188 5618 de
3234 5556 3522 5637 pellibus
3560 5558 3645 5619 ad
3682 5552 3905 5639 Regis
3952 5572 4136 5619 man·

945 5662 1175 5723 datum
1227 5659 1448 5725 XXV
1495 5681 1694 5724 mare.
