4592 6559
1005 507 1131 582 538
1355 516 1728 582 REJESTRA
1777 501 2204 576 WAJrROBKI
2254 511 2912 573 WIELKORZADZCY
2959 509 3619 561 KRAKowsmeO.
3676 517 3863 575 ¹4¹9·

1003 725 1257 797 paratu,
1305 715 1464 778 item
1512 717 1598 778 ad
1645 715 1880 799 dyeria
1945 735 2192 777 nouem
2258 735 2422 776 vasa
2469 714 2735 797 integra
2799 723 2868 776 et
2910 733 3123 776 vnum
3188 714 3451 775 octuale
3518 710 3797 774 ceruisie
3862 708 4207 793 Nyepolo-

1005 823 1289 897 miensiS,
1338 843 1460 885 vas
1505 822 1852 906 quodlibet
1897 822 2281 904 recipiendo
2320 841 2441 902 per
2484 831 2619 882 tres
2665 820 2978 894 fertoneS,
3026 829 3096 882 et
3142 817 3300 882 facit
3345 829 3605 902 septem
3654 838 3814 881 mar.
3861 827 3999 880 tres
4042 825 4207 879 scot.

1217 929 1509 993 Domine
1565 929 2042 1010 Manzikowey
2089 930 2401 991 dominus
2467 929 2633 991 Rex
2698 927 2857 990 fecit
2900 927 3046 990 dari
3108 927 3335 989 omnia
3398 926 3806 988 necessaria:
3873 925 4035 989 item
4084 943 4208 1005 pro

1004 1057 1140 1099 vno
1185 1038 1473 1120 quartali
1518 1037 1816 1099 carnium
1864 1036 1974 1098 IX
2013 1057 2112 1120 gr.
2160 1036 2323 1098 item
2360 1055 2483 1117 pro
2520 1056 2657 1098 vno
2696 1035 2905 1098 ariete
2949 1033 3107 1097 viuo
3154 1044 3445 1116 quatuor
3486 1043 3651 1097 scot.
3696 1033 3859 1096 item
3894 1051 4021 1114 pro
4060 1029 4209 1094 XII

1003 1144 1202 1227 pullis
1247 1165 1370 1226 per
1413 1145 1710 1227 quinque
1757 1144 2166 1226 quadrentes
2205 1142 2271 1202 V
2308 1153 2471 1206 scot.
2519 1142 2677 1204 item
2725 1162 2850 1223 pro
2887 1162 3025 1204 vno
3061 1142 3307 1205 octuali
3352 1141 3629 1205 ceruisie
3676 1140 3785 1203 IX
3832 1149 3998 1203 scot.
4044 1139 4207 1201 item

1003 1271 1126 1333 pro
1170 1251 1464 1314 semellis
1510 1271 1720 1314 vnum
1768 1271 1864 1335 gr.
1911 1251 2070 1313 item
2119 1270 2399 1331 parnam
2452 1250 2523 1332 (s)
2574 1249 2873 1312 carnium
2922 1249 3009 1313 de
3054 1249 3304 1331 zuppis.

1216 1357 1504 1423 Summa
1546 1359 1744 1421 huius
1791 1358 1920 1420 diei
1967 1356 2124 1420 facit
2171 1357 2470 1419 XXXV
2516 1378 2678 1420 mar.
2727 1356 2906 1419 XIII
2952 1365 3113 1418 scot„
3160 1357 3195 1419 I
3241 1376 3341 1440 gr.

1217 1466 1415 1529 Feria
1459 1475 1660 1528 sexta
1705 1467 1952 1547 (24s11)
2000 1466 2088 1527 ad
2134 1465 2493 1547 coquinam
2542 1465 2793 1528 domini
2833 1464 3055 1547 Regis
3092 1475 3161 1526 et
3196 1462 3443 1526 familie
3482 1465 3567 1526 ad
3605 1463 3995 1545 prandium:
4042 1461 4207 1524 item

1001 1594 1125 1657 pro
1172 1573 1466 1656 piscibus
1512 1573 1897 1636 recentibus
1943 1574 2076 1634 due
2123 1592 2286 1635 mar.
2334 1572 2493 1634 item
2542 1592 2664 1654 pro
2712 1573 2864 1634 oleo
2910 1571 3167 1654 patebit
3212 1571 3279 1634 in
3318 1581 3662 1654 apparatu,
3706 1571 3869 1634 item
3916 1590 4043 1653 pro
4088 1591 4207 1632 an·

1003 1681 1248 1764 gwillis
1294 1681 1552 1764 patebit
1600 1680 1663 1742 in
1715 1691 2058 1762 apparatu,
2107 1680 2265 1741 item
2315 1679 2423 1760 I¹l2
2481 1699 2713 1741 corum
2762 1679 3034 1741 seminis
3082 1679 3319 1760 canapi
3355 1679 3621 1762 proprij.
3666 1679 3829 1741 item
3875 1697 3998 1761 pro
4044 1697 4209 1740 coro

1003 1789 1357 1870 papaueris
1405 1788 1701 1870 quinque
1747 1797 1909 1850 scot.
1975 1787 2130 1849 item
2203 1787 2455 1848 milium
2524 1795 2591 1849 et
2656 1787 2871 1868 pisum
2939 1797 3131 1849 erant
3194 1785 3281 1848 de
3346 1786 3595 1868 zuppis‚
3660 1787 3823 1849 item
3870 1806 3995 1868 pro
4042 1805 4209 1848 coro

1003 1905 1288 1958 auenate
1335 1895 1443 1957 IX
1492 1915 1591 1979 gr.
1637 1894 1797 1957 item
1844 1914 1968 1975 pro
2014 1893 2305 1956 semellis
2352 1905 2488 1956 tres
2534 1903 2695 1957 scot.
2760 1894 2921 1956 item
2970 1894 3107 1955 duo
3152 1914 3317 1956 vasa
3390 1893 3669 1957 ceruisie
3732 1913 3883 1958 cum
3960 1892 4211 1956 octuali

1001 2001 1069 2063 II
1117 2023 1278 2064 mar.
1325 2003 1546 2064 minus
1592 2000 1695 2063 VI
1744 2021 1845 2085 gr.

1215 2110 1388 2172 Item
1437 2110 1546 2173 die
1593 2111 1830 2170 eodem
1881 2109 2153 2172 domina
2200 2109 2460 2171 iuuenis
2507 2109 2784 2192 Regina
2830 2107 3023 2170 simul
3072 2129 3227 2170 cum
3276 2109 3549 2172 domina
3594 2109 3861 2172 ducissa
3906 2109 3993 2170 de
4038 2107 4207 2169 Tes-

1000 2217 1187 2280 schin
1237 2219 1324 2278 ad
1369 2215 1724 2298 prandium
1794 2227 2128 2278 venerunt
2191 2217 2278 2278 ad
2328 2215 2823 2300 Nyepolomz'cze
2890 2225 2958 2278 et
3022 2217 3462 2278 comederunt
3524 2215 3805 2297 pariter:
3870 2216 4032 2278 item
4082 2235 4207 2297 pro

999 2324 1292 2406 piscibus
1336 2323 1718 2386 recentibus
1765 2323 1910 2404 ΙΙΙΙ,Ξ
1971 2344 2130 2386 mar.
2179 2323 2337 2386 item
2388 2325 2612 2386 oleum
2668 2323 2927 2404 patebit
2973 2324 3037 2386 in
3088 2333 3429 2406 apparatu,
3495 2322 3654 2385 item
3702 2344 3823 2404 pro
3870 2323 4209 2406 angwillis

1000 2431 1258 2513 patebit
1301 2431 1370 2493 in
1418 2440 1764 2513 apparatu,
1809 2431 1968 2493 item
2019 2451 2252 2493 corum
2300 2431 2573 2492 seminis
2610 2431 2847 2513 canapi
2884 2430 3150 2513 proprij‚
3196 2430 3359 2492 item
3404 2451 3637 2493 corum
3687 2431 4041 2512 papaueris
4078 2449 4205 2512 pro

1002 2539 1296 2620 quinque
1343 2559 1442 2622 gr.
1490 2538 1648 2600 item
1700 2537 1969 2611 milium,
2017 2540 2234 2619 pisum
2275 2548 2465 2601 erant
2503 2540 2589 2601 de
2628 2539 2874 2619 zuppiS‚
2922 2537 3083 2600 item
3132 2539 3425 2600 medium
3473 2558 3709 2600 corum
3754 2548 4043 2602 auenate
4083 2558 4206 2620 pro

999 2645 1102 2709 IV
1117 2645 1180 2727 ¹l2
1239 2666 1338 2729 gr.
1385 2646 1545 2708 item
1595 2665 1718 2727 pro
1764 2647 2058 2708 semellis
2107 2659 2242 2707 tres
2287 2656 2451 2708 scot.
2498 2646 2657 2708 item
2707 2648 2841 2708 duo
2890 2665 3055 2708 vasa
3101 2645 3378 2708 ceruisie
3425 2645 3535 2726 ΙΙΙ,
3594 2665 3756 2708 mar.

1213 2753 1384 2815 Item
1432 2752 1697 2817 ducisse
1745 2753 2191 2815 Tesschnensi
2229 2764 2298 2814 et
2335 2751 2581 2815 familie
2629 2753 2805 2815 eius:
2852 2755 3012 2815 item
3061 2773 3185 2834 pro
3222 2753 3515 2834 piscibus
3550 2753 3931 2816 recentibus
3980 2753 4207 2815 media

1001 2881 1164 2924 mar.
1210 2861 1372 2923 item
1421 2881 1545 2942 pro
1594 2861 1928 2942 angwillis
1993 2862 2248 2941 patebit
2312 2862 2377 2923 in
2427 2871 2771 2942 apparatu,
2834 2860 2994 2922 item
3042 2881 3165 2942 pro
3230 2861 3379 2922 oleo
3442 2861 3698 2942 patebit
3741 2861 3809 2922 in
3852 2871 4207 2942 apparatu,

999 2968 1160 3032 item
1207 2969 1481 3042 milium,
1529 2969 1766 3050 pisum,
1813 2987 2042 3030 semen
2090 2968 2445 3049 papaueris
2492 2970 2579 3029 de
2626 2967 2877 3049 zuppis‚
2922 2967 3084 3030 item
3128 2987 3252 3049 pro
3298 2968 3591 3030 semellis
3629 2967 3695 3028 11
3736 2988 3833 3051 gr.
3880 2969 4041 3030 item
4082 2987 4207 3030 vas

999 3076 1336 3159 integrum
1385 3075 1665 3138 ceruisie
1711 3095 1835 3155 pro
1881 3076 2095 3137 tribus
2143 3073 2533 3138 fertonibuS.

1212 3183 1382 3245 Item
1431 3184 1586 3245 duci
1634 3181 1939 3244 Ianussio
1991 3182 2462 3256 Ratiboriensi,
2527 3182 2641 3264 qui
2687 3181 2872 3243 venit
2939 3183 3180 3245 eodem
3247 3181 3353 3242 die
3418 3192 3486 3243 et
3534 3181 3749 3244 eidem
3815 3181 4043 3244 omnia
4084 3202 4205 3244 ne·

997 3291 1292 3354 cessaria
1340 3302 1497 3354 sunt
1544 3292 1736 3353 data:
1805 3290 1964 3352 item
2014 3311 2135 3370 pro
2202 3290 2495 3372 piscibus
2558 3291 2941 3352 recentibus
3007 3298 3144 3352 tres
3207 3288 3351 3352 fert.
3416 3311 3539 3371 pro
3584 3291 3920 3374 angwillis
3964 3299 4033 3352 et
4078 3311 4205 3372 pro

996 3399 1148 3461 oleo
1194 3399 1452 3481 patebit
1519 3399 1584 3460 in
1633 3409 1977 3479 apparatu,
2043 3399 2202 3460 item
2271 3398 2543 3470 milium,
2609 3399 2847 3479 pisum,
2904 3417 3139 3461 semen
3203 3398 3559 3479 papaueris
3604 3399 3691 3460 de
3738 3399 3987 3481 zuppis‚
4037 3399 4201 3460 item

995 3525 1117 3587 pro
1163 3507 1455 3568 semellis
1503 3505 1571 3567 II
1619 3527 1718 3588 gr.
1767 3505 1926 3566 item
1976 3525 2096 3567 vas
2142 3505 2481 3589 integrum
2531 3505 2811 3568 ceruisie
2856 3525 2981 3586 pro
3028 3505 3239 3566 tribus
3284 3504 3672 3568 fertonibus.

1211 3613 1384 3675 Duci
1433 3613 1752 3675 Kazkoni
1800 3613 2038 3674 eadem
2088 3613 2461 3674 necessaria
2526 3623 2686 3675 sunt
2733 3612 3139 3675 ministrata:
3204 3613 3361 3674 item
3411 3633 3533 3694 pro
3581 3613 3873 3694 piscibus
3917 3611 4203 3675 recenti-

995 3723 1124 3784 bus
1169 3730 1306 3783 tres
1353 3719 1495 3783 fert.
1545 3721 1702 3782 item
1751 3741 1875 3802 pro
1932 3720 2199 3804 angillis
2247 3721 2321 3804 (s)
2388 3732 2455 3783 et
2500 3740 2622 3802 pro
2670 3721 2821 3782 oleo
2889 3720 3145 3802 patebit
3209 3721 3275 3781 in
3325 3730 3669 3801 apparatu,
3715 3720 3877 3783 item
3922 3720 4199 3802 milium,

994 3827 1233 3909 pisum,
1281 3849 1514 3890 semen
1581 3827 1936 3910 papaueris
1983 3829 2068 3890 de
2116 3828 2365 3910 zuppiS‚
2432 3827 2589 3890 item
2658 3848 2781 3909 pro
2844 3828 3135 3890 semellis
3182 3829 3251 3890 II
3298 3847 3393 3910 gr.
3460 3828 3619 3890 item
3684 3849 3811 3890 vas
3856 3829 4196 3912 integrum

996 3935 1277 3997 ceruisie
1323 3956 1446 4018 pro
1492 3937 1641 3998 trib.
1690 3935 1834 3998 fert.

1209 4043 1384 4105 Duci
1433 4043 1865 4105 Bernhardo:
1913 4043 2071 4105 item
2121 4043 2339 4106 eidem
2388 4064 2510 4125 pro
2557 4043 2849 4124 piscibus
2894 4041 3275 4104 recentibus
3330 4053 3465 4104 tres
3510 4040 3656 4106 sert.
3702 4042 3861 4105 item
3911 4063 4033 4124 pro
4078 4063 4196 4105 an·

997 4149 1241 4233 gwillis
1287 4160 1355 4212 et
1401 4152 1552 4213 oleo
1599 4150 1860 4232 patebit
1903 4151 1968 4212 in
2010 4161 2353 4232 apparatu,
2402 4151 2559 4212 item
2610 4151 2897 4223 mileum,
2946 4150 3185 4231 pisum,
3232 4169 3463 4211 semen
3511 4151 3866 4232 papaueris
3912 4150 3999 4213 de
4036 4170 4195 4232 zup-

997 4257 1114 4338 pis,
1163 4257 1321 4319 item
1370 4279 1490 4339 pro
1538 4258 1832 4320 semellis
1879 4257 1946 4319 II
1995 4278 2092 4340 gr.
2141 4256 2301 4319 item
2350 4277 2471 4318 vas
2517 4257 2794 4319 ceruisie
2839 4257 3181 4340 integrum
3229 4269 3365 4319 tres
3412 4255 3555 4319 fert,

1210 4364 1382 4426 Item
1431 4364 1582 4427 duci
1631 4363 1980 4427 Cunrado:
2048 4365 2206 4426 item
2257 4364 2473 4428 eidem
2524 4385 2647 4445 pro
2693 4365 2985 4445 piscibus
3050 4365 3431 4426 recentibus
3478 4375 3615 4427 tres
3660 4363 3803 4428 fert.
3870 4365 4031 4428 item
4078 4385 4195 4426 an-

998 4471 1228 4555 gwille
1273 4481 1340 4532 et
1387 4473 1612 4534 oleum
1678 4471 1934 4553 patebit
1981 4471 2043 4533 in
2094 4481 2437 4553 apparatu,
2504 4472 2662 4532 item
2726 4471 3000 4545 milium,
3065 4471 3301 4552 pisum,
3368 4491 3604 4533 semen
3652 4483 3720 4534 et
3764 4492 4064 4554 papauer
4108 4473 4197 4533 de

997 4579 1244 4660 zuppiS,
1292 4578 1450 4640 item
1498 4599 1621 4660 pro
1668 4579 1942 4640 simellis
1989 4577 2057 4640 II
2104 4599 2204 4661 gr.
2251 4579 2410 4640 item
2462 4599 2669 4641 vnum
2736 4600 2857 4641 vas
2906 4577 3185 4641 ceruisie
3250 4579 3593 4660 integrum
3640 4600 3762 4661 pro
3808 4581 4021 4642 tribus
4066 4577 4197 4641 fer-

996 4685 1285 4748 tonibuS.

1211 4793 1382 4855 Item
1430 4793 1538 4855 die
1586 4794 1826 4855 eadem
1873 4802 2192 4854 secuntur
2239 4791 2593 4854 distributa
2654 4793 3041 4875 dyeriorum
3090 4814 3210 4874 per
3254 4794 3603 4876 dyearium
3669 4793 4081 4876 principibus
4126 4803 4196 4854 et

995 4899 1358 4962 baronibus
1405 4899 1775 4982 ceterisque
1822 4899 2194 4982 dignitarijs
2239 4910 2309 4961 et
2354 4897 2752 4963 officialibus
2796 4901 3145 4981 quibusuis
3190 4901 3549 4984 regalibus,

1209 5006 1380 5069 Item
1430 5028 1552 5089 pro
1599 5006 1894 5088 piscibus
1940 5006 2323 5068 recentibus
2370 5007 2503 5068 due
2550 5026 2712 5068 mar.
2779 5006 2936 5068 item
2987 5027 3109 5088 pro
3153 5007 3447 5090 piscibus
3492 5007 3686 5070 salsis
3750 5019 3820 5070 et
3864 5027 3987 5089 pro
4034 5009 4191 5070 oleo

995 5114 1168 5177 sicut
1212 5115 1468 5196 patebit
1513 5114 1581 5176 in
1629 5123 1972 5196 apparatu,
2039 5113 2198 5175 item
2247 5114 2417 5175 duas
2464 5133 2812 5176 mensuras
2858 5114 2980 5198 pisi
3028 5134 3152 5196 pro
3198 5115 3449 5196 paratis
3496 5127 3774 5197 emptas,
3822 5115 4199 5197 quemlibet

997 5241 1228 5283 corum
1275 5219 1657 5302 recipiendo
1705 5241 1827 5303 per
1847 5299 1852 5305 ι
1871 5219 2168 5303 quinque
2219 5241 2510 5302 grOSSOS,
2562 5221 2704 5283 XV
2751 5230 2913 5284 scot.
2962 5221 3120 5284 item
3168 5241 3293 5303 pro
3338 5221 3603 5286 duabus
3648 5223 3977 5285 mensuris
4014 5222 4197 5306 milij,

996 5329 1367 5412 quemlibet
1412 5348 1645 5391 corum
1693 5329 2075 5410 recipiendo
2120 5347 2242 5409 per
2287 5337 2443 5389 octo
2499 5348 2793 5411 gross05‚
2839 5327 2997 5391 facit
3044 5348 3246 5391 vnam
3292 5349 3607 5404 marcam,
3652 5330 3815 5392 item
3861 5349 3983 5412 pro
4031 5331 4196 5392 dua·

995 5437 1124 5500 bus
1170 5436 1500 5498 mensuris
1545 5435 1816 5497 seminis
1861 5435 2100 5516 canapi
2158 5433 2221 5513 ¹l2
2283 5454 2443 5497 mar.
2508 5434 2669 5497 item
2734 5456 2857 5517 pro
2921 5435 3215 5498 semellis
3280 5437 3367 5498 ad
3412 5436 3689 5520 dyearia
3733 5437 4198 5500 distribuenda

995 5543 1106 5605 IX
1152 5563 1254 5626 gr.
1300 5543 1459 5606 item
1509 5562 1774 5606 nowem
1823 5563 1988 5605 vasa
2035 5562 2188 5605 cum
2237 5541 2487 5604 octuali
2534 5563 2669 5606 vno
2718 5543 3013 5618 ceruisie,
3078 5563 3203 5606 vas
3250 5544 3599 5625 quodlibet
3644 5544 4027 5627 recipiendo
4074 5563 4199 5627 per

993 5658 1128 5712 tres
1175 5648 1486 5726 fertones,
1533 5659 1793 5733 septem
1840 5670 2004 5713 mar.
2049 5658 2185 5713 tres
2231 5658 2394 5712 scot.
