4592 6559
1161 482 1197 539 6
1826 490 2203 556 REJESTRA
2252 488 2768 551 PoDRzlchWA
2813 488 3294 539 NIEPOLOMSK
3305 488 3498 539 IEGO.
3555 480 3736 555 1389.

1376 691 1496 755 Ad
1542 702 1753 754 totam
1802 691 1975 753 diem
2026 692 2303 753 domino
2350 691 2761 773 procuratori
2811 702 2876 753 et
2925 691 3492 771 viceprocuratori
3539 711 3691 753 cum
3741 690 4022 754 familia:
4074 692 4098 754 I
4149 712 4352 775 perna

1160 800 1462 864 carnium
1508 798 1952 881 porcinarum,
1998 798 2188 881 panis
2236 809 2302 860 et
2351 797 2632 860 ceruisia
2679 800 2763 859 de
2811 798 3228 860 molendinis,
3277 796 3488 880 Equis
3537 798 3601 859 II
3651 818 3962 861 mensure
4009 820 4240 862 auene.

1376 906 1659 970 Summa
1704 906 1855 989 dieij
1905 926 2119 969 auene
2166 905 2232 967 ΙΙ
2281 925 2612 969 mensure.

1376 1015 1570 1077 Feria
1615 1023 1813 1075 sexta
1862 1014 2061 1097 (15J1)
2110 1014 2672 1095 viceprocuratori
2721 1032 2872 1075 cum
2921 1011 3203 1074 familia:
3261 1011 3496 1094 pisceS,
3542 1014 3780 1093 pisum,
3829 1012 4119 1089 mileum,
4165 1014 4354 1097 panis

1154 1134 1229 1187 et
1274 1122 1557 1187 ceruisia
1602 1121 1886 1203 propria,
1934 1120 2145 1202 Equis
2194 1120 2258 1182 ΙΙ
2309 1121 2491 1183 chori
2540 1140 2771 1183 auene.

1374 1230 1657 1293 Summa
1702 1229 1851 1312 dieij
1902 1248 2115 1292 auene
2163 1228 2228 1289 II
2278 1228 2480 1291 chori.

1374 1338 1677 1401 Sabbato
1725 1338 1925 1418 (16s1)
1974 1337 2059 1398 ad
2106 1346 2320 1397 totam
2368 1337 2542 1397 diem
2592 1336 3155 1417 viceprocuratori
3202 1354 3354 1397 cum
3403 1334 3685 1399 familia:
3733 1335 3950 1419 pisces
3996 1338 4244 1421 proprii
4289 1348 4356 1403 et

1158 1447 1399 1529 pisum,
1446 1445 1737 1515 mileum,
1783 1444 2098 1517 butirum,
2146 1462 2437 1517 caseum,
2503 1443 2693 1525 panis
2741 1454 2808 1505 et
2855 1442 3138 1506 ceruisia
3199 1442 3467 1525 propria
3513 1444 3598 1505 de
3645 1444 4061 1509 molendinis,
4145 1444 4354 1529 Equis

1161 1554 1227 1617 ΙΙ
1276 1552 1459 1617 chori
1506 1572 1738 1615 auene.

1372 1660 1657 1723 Summa
1702 1659 1850 1743 dieij
1900 1678 2115 1721 auene
2165 1658 2229 1719 II
2276 1658 2479 1721 chori,

1372 1768 1655 1832 Summa
1700 1767 2071 1847 septimane
2118 1765 2261 1827 XII
2310 1785 2510 1827 marc,
2557 1765 2706 1827 XX
2755 1776 2916 1828 scot.
2965 1765 2996 1827 1
3035 1786 3133 1851 gr,
3173 1764 3316 1829 XII
3353 1766 3503 1829 den.
3541 1786 3757 1829 auenc
3805 1766 4124 1830 LXXIX
4172 1788 4352 1831 men·

1160 1896 1313 1939 sure
1360 1875 1393 1937 I
1440 1876 1701 1938 chorus

1369 1982 1725 2045 Dominica
1771 1981 2011 2045 Omnis
2058 1992 2236 2045 terra
2274 1981 2474 2063 (17l1)
2513 1980 3075 2062 viceprocuratori
3113 2000 3268 2043 cum
3307 1978 3588 2043 familia:
3637 2002 3770 2043 una
3807 2001 4016 2063 perna
4052 1983 4350 2046 carnium

1156 2091 1577 2173 porcinarum
1626 2110 1750 2171 pro
1798 2089 1863 2151 V
1910 2099 2072 2153 scot.
2120 2097 2349 2170 empta
2394 2088 2481 2151 ad
2528 2096 2738 2150 totam
2779 2086 3240 2169 septimanam,
3287 2088 3514 2151 caules
3551 2098 3620 2152 et
3657 2088 3785 2152 alia
3823 2089 4048 2152 omnia
4084 2088 4354 2154 fuerunt

1157 2198 1444 2281 propria,
1489 2198 1681 2280 panis
1728 2206 1796 2259 et
1842 2196 2121 2260 ceruisia
2168 2197 2252 2259 de
2301 2194 2716 2259 molendinis,
2763 2194 2976 2278 Equis
3023 2194 3054 2257 Ι
3101 2195 3282 2258 chor.
3329 2214 3560 2259 aucne.

1373 2306 1656 2369 Summa
1702 2305 1851 2389 dieij
1901 2304 1966 2365 V
2014 2314 2177 2367 scot.
2225 2324 2440 2365 auene
2489 2303 2520 2364 I
2567 2303 2828 2365 chorus.

1370 2412 1566 2475 Feria
1611 2414 1907 2475 secunda
1972 2412 2079 2475 die
2144 2434 2193 2475 s,
2242 2410 2467 2473 Prisce
2533 2409 2846 2493 martyris
2911 2410 3112 2493 (18s1)
3177 2411 3264 2472 ad
3329 2420 3540 2473 totam
3607 2411 3820 2474 diem:
3887 2432 4124 2474 carnes
4170 2412 4352 2495 prius

1156 2532 1398 2602 empto,
1446 2530 1513 2583 et
1558 2519 1796 2601 pisum,
1845 2519 2135 2592 mileum,
2182 2518 2374 2601 panis
2412 2528 2480 2581 et
2517 2517 2798 2581 ceruisia
2841 2517 3114 2579 fuerunt
3157 2517 3440 2600 propria.
3489 2516 3701 2600 Equis
3749 2518 3780 2581 I
3827 2519 4074 2583 chorus
4120 2540 4350 2583 auene.

1370 2628 1653 2690 Summa
1700 2627 1849 2711 dieij
1898 2646 2113 2690 auene.
2162 2627 2193 2688 I
2238 2627 2503 2689 chorus,

1370 2733 1565 2823 Feria
1610 2734 1817 2798 tercia
1864 2734 2066 2817 (19l1)
2114 2736 2199 2797 ad
2246 2746 2458 2795 totam
2507 2733 2684 2795 diem
2733 2732 3296 2815 viceprocuratori
3355 2752 3506 2795 cum
3557 2731 3839 2795 familia:
3887 2753 4124 2797 carnes
4171 2735 4350 2817 prius

1156 2853 1399 2925 empto,
1445 2845 1673 2906 caules
1719 2852 1788 2905 et
1832 2842 1961 2904 alia
2007 2840 2233 2905 omnia
2278 2841 2565 2924 propria,
2611 2839 2801 2923 panis
2847 2850 2916 2903 et
2961 2840 3244 2903 ccruisia
3288 2842 3374 2903 de
3414 2840 3827 2904 molendinis,
3875 2840 4088 2923 Equis
4126 2842 4157 2904 Ι
4197 2844 4350 2905 cho-

1158 2970 1273 3013 rus
1318 2972 1549 3013 auene.

1369 3058 1653 3121 Summa
1698 3057 1849 3141 dieij
1898 3078 2113 3119 auc-nc
2161 3056 2191 3119 I
2241 3056 2503 3119 chorus.

1370 3164 1565 3227 Feria
1610 3176 1849 3247 quarta
1895 3164 2001 3226 die
2048 3175 2435 3225 sanctorum
2488 3162 2762 3224 Fabiani
2809 3173 2878 3225 et
2925 3161 3302 3225 sebastiani
3351 3174 3722 3244 martyrum
3773 3166 3974 3243 (zost)
4013 3166 4100 3227 ad
4139 3175 4348 3227 totam

1154 3272 1330 3335 diem
1380 3272 1941 3354 viceprocuratori
1990 3292 2141 3333 cum
2192 3270 2474 3333 familia:
2539 3290 2662 3351 pro
2709 3270 3032 3332 allecibus
3097 3279 3164 3331 et
3227 3270 3452 3331 butiro
3501 3270 3598 3331 111
3647 3282 3860 3353 quart.
3909 3281 3978 3333 et
4025 3271 4156 3334 alia
4203 3292 4348 3354 pro-

1153 3380 1314 3462 pria,
1360 3380 1551 3462 panis
1597 3390 1665 3442 et
1711 3379 1993 3443 ceruisia
2036 3379 2121 3441 de
2170 3377 2585 3441 molendinis.
2633 3377 2845 3459 Equis
2894 3377 2923 3440 Ι
2972 3377 3216 3439 chorus
3264 3398 3496 3439 auene,

1367 3487 1651 3551 Summa
1696 3487 1846 3570 dieij
1899 3486 1996 3548 111
2045 3498 2258 3569 quart.
2307 3506 2522 3547 aucne
2569 3484 2669 3547 III
2718 3495 2931 3567 quart.
2981 3486 3072 3565 (s),

1368 3594 1563 3657 Feria
1608 3594 1843 3677 quinta
1886 3594 1994 3657 die
2042 3616 2091 3655 s,
2140 3592 2438 3677 Agnetis
2487 3594 2580 3673 (21
2594 3592 2628 3675 s
2639 3594 2688 3671 1)
2755 3592 2840 3653 ad
2907 3602 3118 3653 totam
3184 3591 3360 3654 diem
3429 3593 3989 3675 viceprocuratori
4055 3614 4210 3657 cum
4261 3592 4348 3656 fa-

1154 3702 1366 3764 milia:
1415 3722 1649 3764 carnes
1697 3700 1879 3783 prius
1927 3710 2169 3782 empte‚
2217 3702 2444 3762 caules
2492 3711 2559 3762 et
2606 3699 2734 3761 alia
2782 3699 3006 3761 omnia
3050 3698 3322 3763 fuerunt
3389 3702 3672 3781 propria,
3720 3701 3910 3783 panis
3957 3712 4024 3763 et
4070 3701 4349 3764 ceruisia

1150 3810 1236 3873 de
1285 3809 1699 3873 molendinis,
1747 3808 1959 3891 Equis
2007 3809 2036 3870 I
2085 3808 2333 3870 chorus
2379 3828 2610 3869 auene.

1363 3916 1647 3981 Summa
1692 3916 1841 4001 dieij
1891 3936 2105 3978 auene
2156 3915 2183 3977 I
2233 3917 2496 3977 chorus,

1366 4024 1561 4087 Feria
1625 4034 1821 4086 sexta
1886 4024 1993 4085 die
2058 4022 2271 4084 sancti
2339 4021 2684 4104 Vincencij
2745 4021 3057 4104 martyris
3124 4022 3326 4104 (22s1)
3391 4024 3476 4085 ad
3542 4022 3894 4105 prandium
3963 4025 4346 4106 viceprocu·

1151 4133 1353 4195 ratori
1400 4152 1553 4195 cum
1602 4131 1883 4194 familia:
1932 4152 2054 4213 pro
2100 4130 2422 4192 allecibus
2471 4128 2571 4191 ΙΙΙ
2617 4138 2832 4210 quart,
2881 4129 3071 4211 panis
3109 4137 3177 4192 et
3214 4130 3496 4192 ceruisia
3541 4131 3824 4213 propria.
3873 4130 4083 4213 Equis
4123 4132 4152 4193 I
4194 4132 4346 4194 cho·

1151 4260 1266 4304 rus
1312 4261 1544 4303 auene.

1364 4346 1649 4411 Summa
1693 4347 1845 4429 dieij
1896 4346 1997 4409 III
2042 4356 2257 4429 quart,
2306 4366 2520 4407 auene
2569 4346 2599 4407 Ι
2647 4345 2908 4408 chorus,

1366 4454 1669 4518 Sabbato
1718 4456 1773 4533 (2
1786 4454 1919 4535 3s1)
1966 4455 2052 4516 ad
2100 4462 2310 4515 totam
2379 4452 2554 4515 diem
2607 4453 3166 4533 viceprocuratori
3215 4472 3368 4515 cum
3417 4452 3697 4515 familia:
3745 4474 3867 4534 pro
3914 4454 4237 4515 allecibus
4282 4462 4348 4515 et

1149 4564 1373 4625 butiro
1420 4562 1520 4624 III
1570 4574 1784 4644 quart.
1832 4571 1899 4623 et
1946 4561 2190 4632 caules,
2238 4560 2508 4621 mileum
2561 4570 2627 4621 ct
2675 4560 2802 4621 alia
2835 4560 3092 4622 -omnia
3154 4560 3426 4624 fuerunt
3471 4560 3773 4641 propria;
3841 4560 4030 4641 panis
4095 4570 4164 4623 et
4209 4581 4346 4623 cer-

1153 4671 1318 4733 uisia
1363 4671 1449 4733 de
1498 4669 1914 4732 molendinis.
1960 4668 2172 4751 Equis
2220 4667 2252 4729 Ι
2301 4668 2546 4729 chorus
2595 4688 2825 4729 auene.

1364 4778 1649 4842 Summa
1693 4777 1846 4859 dieij
1894 4776 1997 4838 III
2044 4786 2258 4859 quart.
2309 4795 2523 4837 auene
2572 4774 2603 4836 Ι
2651 4776 2912 4839 chorus,

1364 4886 1647 4949 Summa
1692 4885 2063 4967 septimane
2111 4882 2247 4945 VII
2294 4892 2458 4945 scot,
2505 4881 2536 4943 I
2584 4893 2797 4964 quart.
2847 4904 3060 4945 auene
3107 4882 3242 4945 VII
3291 4884 3492 4946 chori,

1364 4993 1719 5057 Dominica
1765 4992 2073 5054 Adorate
2120 4990 2342 5052 Deum
2411 5010 2646 5051 omnes
2709 4991 2926 5072 primo
2988 4991 3272 5072 repetita
3336 4990 3474 5073 (24s
3485 4994 3536 5069 1)
3585 4990 4147 5072 viceprocuratori
4193 5010 4342 5053 cum

1150 5102 1397 5166 familia
1443 5102 1529 5164 ad
1577 5112 1785 5164 totam
1836 5099 2313 5181 septimanam:
2359 5118 2482 5180 pro
2530 5118 2666 5159 uno
2713 5118 2918 5179 porco
2965 5098 3037 5159 X
3087 5108 3249 5160 scot,
3289 5098 3318 5159 I
3359 5118 3458 5183 gr.
3497 5098 3734 5179 pisum,
3781 5098 4072 5170 mileum,
4119 5100 4342 5160 caules

1148 5223 1216 5275 et
1263 5210 1486 5273 omnia
1530 5208 1802 5272 fuerunt
1846 5206 2129 5289 propria,
2176 5206 2368 5288 panis
2415 5215 2482 5268 et
2529 5205 2810 5267 ceruisia
2862 5206 2946 5268 de
2993 5206 3408 5267 molendinis,
3483 5204 3695 5287 Equis
3745 5206 3774 5267 1
3820 5205 4066 5269 chorus
4113 5224 4340 5269 auene.

1364 5316 1647 5381 Summa
1692 5315 1842 5396 dieij
1892 5314 1965 5376 X
2012 5323 2175 5375 scot,
2222 5313 2255 5375 Ι
2303 5334 2402 5397 gr.
2452 5334 2666 5375 auene
2715 5313 2745 5375 Ι
2793 5313 3055 5375 chorus.

1364 5424 1561 5486 Feria
1605 5423 1903 5486 secunda
1947 5422 2054 5483 die
2102 5420 2576 5483 Conuersionis
2642 5421 2851 5483 saneti
2919 5420 3108 5482 Pauli
3176 5422 3230 5499 (2
3246 5422 3378 5501 5s1)
3445 5420 4004 5501 viceprocuratori
4051 5438 4205 5481 cum
4251 5418 4339 5480 fa-

1150 5532 1332 5596 milia
1377 5533 1464 5596 ad
1508 5541 1719 5594 totam
1769 5531 1981 5593 diem:
2030 5550 2265 5592 carnes
2312 5529 2496 5611 prius
2535 5538 2778 5611 empte‚
2825 5528 3050 5590 caules
3088 5528 3372 5609 propria,
3417 5527 3608 5609 panis
3647 5536 3715 5589 et
3751 5526 4031 5589 ceruisia
4075 5525 4340 5589 fuerunt

1150 5643 1236 5705 de
1283 5640 1699 5704 molendinis,
1746 5638 1960 5723 Equis
2008 5639 2039 5702 I
2087 5640 2335 5701 chorus
2381 5656 2614 5699 auene,
