4592 6559
763 503 1143 566 REJESTRA
1190 491 1616 564 WQTROBKI
1663 502 2317 554 WIELKORZADzCY
2365 495 3021 554 KRAKOWSKIEGOL
3074 501 3260 569 1420.
3478 509 3606 571 549

413 704 668 767 timana
732 705 820 766 ad
875 705 1188 768 semellas
1253 715 1321 768 et
1384 705 1470 768 ad
1539 705 1822 767 circulos
1887 705 2159 767 domine
2224 702 2501 788 Regine
2566 724 2687 786 pro
2734 725 2827 768 ro,
2878 705 2950 785 (s)
3000 724 3159 767 mar.
3226 724 3378 767 cum
3426 705 3459 768 Ι
3506 727 3607 790 gr.

411 811 572 874 item
619 811 894 874 domino
939 812 1436 894 archiepiscopo
1484 822 1645 875 tunc
1693 833 1844 876 cum
1897 803 2169 874 domina
2207 811 2485 894 Regina
2522 811 2815 874 venienti
2852 811 3361 896 Lamburgensi,
3400 833 3607 876 vnum

413 939 536 982 vas
581 919 860 982 ceruisie
905 921 990 982 de
1039 918 1436 982 molendinis
1481 919 1793 983 solutum.

629 1026 798 1089 Item
848 1026 1182 1090 dominico
1230 1026 1847 1108 Ramispalmarum
1899 1028 1993 1105 (31
2006 1025 2100 1107 s3)
2148 1035 2217 1089 et
2262 1036 2755 1108 consequenter
2790 1045 2994 1108 super
3038 1036 3250 1088 totam
3298 1028 3609 1110 septima-

413 1153 570 1196 nam
621 1134 836 1197 XIIII
883 1155 1046 1197 vasa
1093 1133 1391 1206 ceruisie,
1437 1134 1663 1196 omnia
1708 1136 1792 1197 de
1840 1133 2238 1196 molendinis
2302 1135 2544 1196 brazeo
2609 1143 2767 1196 sunt
2832 1134 3071 1208 soluta,
3135 1134 3291 1197 item
3341 1155 3464 1215 pro
3509 1156 3609 1198 se-

413 1242 632 1304 mellis
679 1243 764 1304 ad
812 1243 1096 1304 eandem
1164 1251 1376 1304 totam
1441 1239 1884 1322 septimanam
1953 1241 2222 1304 domine
2287 1240 2563 1326 Regino
2612 1252 2675 1302 et
2720 1262 2845 1323 pro
2890 1242 3215 1323 placentis
3259 1241 3423 1304 feria
3471 1249 3612 1307 o-ta

411 1347 692 1433 Magna,
740 1369 900 1412 mar.
949 1349 1020 1410 X
1070 1359 1233 1412 scot.
1281 1349 1310 1410 I
1359 1369 1459 1432 gr.
1523 1348 1681 1410 item
1729 1351 1966 1412 sabato
2014 1348 2274 1432 Magno
2322 1349 2387 1410 in
2437 1349 2669 1432 vigilia
2733 1349 2995 1412 Pasehe
3060 1369 3183 1431 pro
3230 1370 3365 1412 vno
3410 1372 3611 1414 sacco

411 1455 625 1519 farine
674 1477 834 1519 mar.
879 1477 1030 1519 cum
1073 1456 1173 1519 VI
1213 1477 1311 1540 gr.
1359 1455 1516 1518 item
1567 1467 1722 1518 octo
1767 1477 2152 1539 sexagenas
2201 1477 2549 1520 caseorum
2591 1455 3215 1538 exsedicionalium,
3254 1479 3385 1540 que
3424 1479 3611 1521 man-

411 1573 656 1638 serant,
705 1564 860 1627 item
913 1574 1201 1646 quatuor
1266 1573 1463 1626 centa
1508 1581 1812 1626 oworum
1861 1564 1946 1624 de
1995 1563 2151 1625 villa
2214 1575 2373 1626 sunt
2437 1567 2521 1626 de
2586 1564 2917 1646 predictis,
2984 1563 3143 1626 item
3192 1567 3279 1628 ad
3325 1567 3610 1629 eandem

411 1682 622 1734 totam
671 1671 1134 1754 septimanam,
1203 1670 1511 1733 videlicet
1555 1672 1642 1732 ad
1689 1669 1933 1733 festum
1981 1671 2196 1733 Pasce
2242 1672 2401 1752 (7s4)
2466 1684 2956 1754 consequenter
3020 1693 3233 1754 usque
3280 1674 3366 1735 ad
3414 1674 3609 1736 aliam

411 1779 862 1860 septimanam
911 1779 1124 1840 XIIII
1173 1799 1336 1840 vasa
1401 1777 1694 1850 ceruisie‚
1761 1798 1886 1840 sex
1933 1798 2056 1860 pro
2104 1777 2405 1860 pecunijs
2468 1780 2719 1862 paratis
2784 1793 3191 1861 comparata,
3262 1781 3613 1862 quodlibet

410 1906 534 1948 vas
579 1886 961 1968 recipiendo
1008 1905 1128 1966 per
1175 1885 1358 1947 XIX
1405 1895 1568 1947 scot.
1634 1895 1787 1948 octo
1835 1895 1991 1947 sunt
2046 1887 2265 1947 soluta
2312 1888 2397 1948 de
2446 1888 2733 1951 molend.
2802 1887 3062 1960 braze0‚
3113 1898 3405 1969 quatuor
3450 1909 3611 1952 mar.

409 2002 547 2055 tres
593 1992 737 2056 fert.
783 1993 940 2054 item
987 2013 1110 2074 pro
1160 1992 1452 2054 semellis
1519 1992 1603 2053 ad
1651 1993 1936 2054 eandem
2001 2002 2214 2054 totam
2281 1993 2723 2074 septimanam
2792 1993 2949 2056 facit
2998 2015 3160 2057 mar.
3212 1995 3283 2056 X
3333 2006 3496 2058 scot.
3544 2007 3613 2058 et

409 2121 622 2163 vnum
673 2121 772 2184 gr.
817 2100 976 2163 item
1025 2120 1150 2162 sex
1199 2101 1506 2182 agnellos
1551 2099 1637 2162 de
1685 2099 1934 2161 allodio
1980 2101 2064 2162 ad
2112 2099 2423 2162 hocidem
2472 2100 2718 2163 festum
2770 2102 2997 2164 Pasce.

626 2209 910 2276 Summa
955 2208 1148 2271 huius
1193 2207 1352 2269 facit
1400 2206 1506 2268 IX
1556 2227 1714 2268 mar.
1761 2217 1901 2270 tres
1944 2206 2242 2270 fertones
2288 2228 2495 2271 vnum
2545 2230 2644 2291 gr.
2674 2207 2732 2289 ¹).

624 2315 754 2378 Die
800 2315 1136 2378 dominico
1181 2315 1394 2398 primo
1442 2324 1596 2396 post
1645 2314 1856 2378 Pasca
1902 2314 2066 2377 alias
2113 2315 2501 2378 Conductus
2550 2316 2759 2378 Pasce
2808 2317 3027 2398 (14s4).
3104 2317 3275 2379 Item
3324 2318 3409 2380 ad
3456 2339 3612 2380 ean-

411 2425 568 2487 dem
615 2434 827 2485 totam
876 2423 1322 2505 septimanam
1373 2422 1584 2484 XIIII
1657 2443 1818 2483 vasa
1865 2421 2163 2495 ceruisie,
2229 2424 2317 2484 ad
2382 2423 2747 2505 quemlibet
2813 2424 2991 2486 diem
3040 2425 3265 2486 dando
3312 2445 3434 2506 per
3476 2426 3613 2490 duo

411 2551 594 2605 vasa,
640 2552 732 2593 ex
780 2531 1021 2613 quibus
1067 2530 1300 2592 decem
1350 2540 1504 2592 sunt
1543 2549 1663 2611 pro
1701 2529 1950 2610 paratis
1979 2530 2350 2611 comparati
2380 2531 2452 2609 (s)
2482 2531 2751 2592 racione
2791 2531 3004 2604 huiuS,
3054 2530 3213 2612 qnia
3258 2531 3428 2594 festa
3474 2531 3612 2593 fue·

409 2649 566 2701 runt
613 2649 680 2700 et
726 2650 885 2701 tunc
933 2658 1068 2700 non
1110 2639 1453 2699 molabant
1490 2647 1556 2698 et
1595 2646 1884 2718 quatuor
1927 2645 2086 2699 sunt
2121 2638 2207 2698 de
2246 2636 2647 2700 molendinis
2692 2639 2930 2708 soluta,
2976 2649 3045 2699 et
3092 2639 3328 2700 eadem
3377 2638 3613 2700 decem

411 2745 665 2809 faciunt
709 2756 969 2827 septem
1019 2765 1179 2808 mar.
1228 2744 1467 2828 viginti
1523 2747 1695 2806 duos
1740 2753 1900 2806 scot.
1968 2744 2126 2806 item
2176 2764 2300 2825 pro
2346 2745 2638 2806 semellis
2686 2748 2772 2807 ad
2820 2746 3105 2807 eandem
3155 2754 3365 2808 totam
3414 2747 3613 2828 septi-

407 2873 702 2926 manam,
747 2855 974 2916 dando
1022 2852 1325 2934 quolibet
1381 2853 1489 2914 die
1535 2871 1656 2932 per
1703 2851 1776 2913 X
1825 2872 1926 2935 gr.
1991 2851 2351 2935 vigiliabus
2415 2873 2579 2914 vero
2642 2852 2881 2914 diebus
2944 2873 3064 2934 per
3110 2852 3229 2925 VI,
3297 2873 3456 2915 mar.
3504 2851 3610 2916 IX

411 2971 575 3023 scot.
623 2981 800 3023 vnus
845 2981 945 3044 gr.

628 3068 798 3130 Item
845 3068 1183 3130 dominico
1228 3068 1350 3138 die,
1401 3087 1536 3148 quo
1583 3076 1892 3128 cantatur
1939 3065 2395 3129 Misericordia
2432 3065 2704 3127 Domini
2745 3069 2839 3144 (21
2850 3061 2961 3148 sii),
3010 3067 3226 3130 XIIII
3274 3088 3438 3130 vasa
3476 3087 3615 3130 cer-

411 3176 578 3238 uisie
626 3177 783 3238 data
860 3187 1034 3248 sunt,
1110 3195 1202 3236 ex
1277 3174 1521 3256 quibus
1593 3183 1747 3235 octo
1824 3183 1980 3235 sunt
2043 3173 2263 3236 soluta
2328 3174 2414 3234 de
2480 3173 2877 3235 molendinis
2940 3176 3184 3236 brazeo
3231 3186 3299 3237 et
3348 3174 3447 3237 VI
3493 3195 3616 3255 pro

413 3283 662 3364 paratis
708 3293 952 3364 empta,
1000 3281 1384 3363 recipiendo
1431 3281 1782 3362 quodlibet
1827 3301 1949 3361 per
1995 3280 2182 3342 XIX
2228 3301 2317 3342 se.
2366 3280 2523 3342 facit
2571 3290 2860 3363 quatuor
2905 3301 3066 3346 mar.
3106 3301 3258 3344 cum
3300 3281 3485 3344 XIX
3524 3301 3613 3344 sc.

413 3391 573 3452 item
623 3391 859 3452 eadem
909 3398 1051 3452 tota
1109 3388 1484 3470 septimana
1547 3408 1671 3469 pro
1736 3387 2026 3450 semellis
2090 3389 2176 3450 ad
2225 3407 2526 3450 mensam
2594 3387 2863 3450 domine
2928 3388 3231 3471 Regine.
3270 3389 3495 3451 dando
3542 3398 3615 3451 ut

415 3497 618 3579 prius
665 3496 824 3558 facit
871 3517 1032 3559 mar.
1079 3495 1258 3559 XIII
1303 3509 1466 3558 scot.

632 3603 804 3666 Item
852 3603 960 3666 die
1008 3603 1342 3666 dominico
1389 3603 1703 3685 proximo
1768 3614 1922 3685 post
1967 3603 2209 3665 festum
2261 3602 2472 3665 sancti
2522 3603 2737 3665 Marci
2802 3604 3009 3684 (28l4)
3056 3602 3185 3665 ista
3229 3613 3371 3666 tota
3415 3604 3615 3686 septi-

417 3731 620 3774 mana
667 3709 1169 3792 quatuordecim
1219 3731 1383 3772 vasa
1429 3710 1722 3785 ceruisie‚
1792 3731 1880 3772 ex
1927 3710 2170 3792 quibus
2233 3719 2387 3771 octo
2434 3720 2590 3772 sunt
2636 3711 2837 3773 soluti
2902 3711 3192 3772 molend.
3240 3722 3309 3773 et
3355 3710 3455 3773 VI
3504 3732 3616 3793 pa-

419 3819 580 3880 ratis
625 3817 941 3900 pecunijS,
989 3819 1446 3899 computando
1493 3817 1838 3900 quodlibet
1887 3839 2007 3879 vas
2053 3837 2174 3898 per
2220 3816 2404 3878 XIX
2453 3827 2614 3879 scot.
2672 3818 2968 3899 quinque
3016 3835 3177 3880 mar.
3226 3819 3444 3880 minus
3490 3817 3615 3879 fer·

419 3939 595 3999 tone,
643 3925 804 3987 item
852 3924 1088 3986 eadem
1138 3934 1280 3987 tota
1325 3923 1700 4005 septimana
1765 3945 1889 4007 pro
1953 3924 2216 3996 simeliS‚
2283 3925 2511 3986 dando
2576 3924 2878 4006 quolibet
2943 3925 3050 3987 die
3100 3945 3235 3987 non
3283 3924 3617 3988 ieiunabili

416 4053 543 4114 per
587 4034 823 4095 decem
873 4053 974 4114 gr.
1021 4042 1088 4094 et
1133 4031 1471 4094 ieiunabili
1515 4052 1637 4114 per
1682 4053 1808 4094 sex
1857 4052 1956 4116 gr.
2005 4031 2070 4094 in
2117 4041 2261 4094 toto
2311 4031 2467 4094 facit
2513 4051 2717 4093 vnam
2768 4052 2927 4094 mar.
2976 4032 3085 4094 IX
3131 4045 3297 4095 scot.

633 4139 804 4202 Item
852 4139 960 4202 die
1006 4139 1342 4202 dominico
1390 4140 1454 4202 in
1503 4140 1792 4202 crastino
1840 4139 2052 4202 sancti
2101 4139 2393 4200 Floriani
2434 4139 2592 4219 (5s5)
2638 4159 2841 4220 super
2887 4141 3172 4203 eandem
3219 4149 3431 4202 totam
3470 4160 3617 4220 sep-

419 4247 740 4309 timanam
789 4245 1292 4328 quatuordecim
1341 4267 1507 4309 vasa
1551 4247 1848 4320 ceruisie,
1915 4257 1983 4308 et
2031 4267 2118 4307 ex
2166 4244 2418 4307 eisdem
2470 4265 2713 4308 nouem
2762 4256 2919 4309 sunt
2965 4247 3186 4309 soluta
3231 4249 3317 4308 de
3366 4246 3619 4308 molen-

420 4353 594 4415 dinis
640 4365 706 4414 et
754 4353 1052 4435 quinque
1099 4373 1220 4435 pro
1267 4353 1516 4436 paratis
1582 4353 1880 4436 pecunijs
1924 4364 2083 4415 sunt
2128 4354 2347 4415 soluta
2394 4362 2461 4414 et
2506 4349 2757 4415 faciunt
2804 4365 2940 4416 tres
2990 4374 3146 4417 mar.
3197 4353 3435 4438 viginti
3481 4365 3618 4416 tres

423 4471 585 4522 scot.
633 4460 792 4522 item
840 4481 963 4542 pro
1009 4460 1280 4524 simellis
1326 4482 1529 4544 super
1575 4463 1858 4524 eandem
1907 4469 2119 4523 totam
2167 4459 2611 4542 septimanam
2659 4462 2883 4526 dando
2931 4473 3005 4523 ut
3050 4482 3269 4543 supra,
3318 4460 3618 4543 quolibet

423 4569 548 4642 die,
595 4565 661 4629 in
710 4577 852 4630 toto
899 4567 1058 4630 facit
1103 4589 1307 4631 vnam
1357 4589 1515 4631 mar.
1563 4568 1673 4631 IX
1719 4579 1882 4632 scot.

638 4673 921 4737 Summa
966 4675 1162 4736 huius
1208 4675 1366 4738 facit
1412 4676 1666 4738 XXVI
1715 4695 1874 4739 mar.
1923 4675 2107 4737 XXI
2155 4685 2319 4739 scot.
2367 4695 2576 4738 vnum
2625 4696 2722 4759 gr.
2748 4671 2810 4756 ²)

638 4781 810 4844 Item
859 4782 966 4845 die
1011 4782 1348 4846 dominico
1396 4783 1877 4866 Rogacionum
1926 4783 2145 4865 (12l5),
2193 4803 2329 4864 qua
2374 4783 2749 4865 septimana
2794 4785 3098 4865 preclara
3144 4783 3455 4865 princeps
3501 4784 3618 4846 do-

423 4891 607 4953 mina
653 4889 1001 4953 Elizabeth
1051 4889 1207 4952 olim
1255 4889 1492 4973 regina
1558 4890 1836 4952 Polonie
1895 4890 2214 4953 tributum
2266 4891 2584 4973 generale
2650 4891 2787 4954 vite
2849 4911 2970 4952 sue
3016 4890 3412 4963 terminauit,
3460 4899 3619 4951 tunc

423 5017 631 5079 super
675 4999 960 5060 eandem
1009 5007 1222 5060 totam
1271 4997 1714 5080 septimanam
1763 4999 2000 5060 decem
2052 5019 2214 5060 vasa
2259 4997 2558 5072 ceruisie,
2607 4999 2764 5080 quia
2810 5001 3119 5062 consules
3166 4998 3360 5059 aliam
3411 4997 3619 5060 cerui-

425 5108 591 5170 siam
639 5127 763 5188 pro
810 5106 1148 5188 exsequijs
1212 5107 1538 5168 dederant
1601 5108 1683 5168 ad
1752 5107 2144 5168 mandatum
2214 5106 2753 5187 vicecancellarij,
2822 5127 2909 5168 ex
2967 5105 3209 5188 quibus
3273 5104 3410 5166 duo
3457 5125 3623 5166 vasa

425 5225 582 5279 sunt
627 5215 848 5278 soluta
895 5213 1192 5296 pecunijs
1237 5212 1486 5295 paratis
1533 5225 1597 5274 et
1644 5223 1801 5276 octo
1847 5215 1930 5275 dc
1978 5211 2381 5276 molendinis
2424 5223 2582 5275 sunt
2628 5214 2847 5275 soluta
2894 5222 2963 5275 et
3010 5210 3263 5274 faciunt
3299 5211 3410 5290 I¹l2
3461 5231 3621 5273 mar.

647 5463 682 5524 ¹)
721 5467 802 5514 Na
839 5465 1124 5528 marginesic
1163 5465 1385 5513 dodano:
1427 5465 1618 5527 triginta
1661 5465 1759 5512 VII
1799 5481 1910 5513 vasa
1949 5473 2058 5513 sunt
2094 5465 2156 5513 de
2194 5463 2485 5512 molendinis
2522 5463 2695 5512 soluta.

645 5549 684 5615 2)
721 5555 804 5604 Na
840 5554 1124 5618 marginesie
1162 5554 1426 5618 dopisano:
1465 5554 1632 5617 viginti
1671 5561 1857 5618 septem
1899 5569 2010 5602 vasa
2048 5561 2156 5602 sunt
2195 5554 2349 5602 soluta
2387 5553 2449 5601 de
2486 5551 2790 5601 molendinis.
