4592 6559
1033 510 1146 569 162
1826 519 2205 584 REJESTRA
2253 518 2841 569 PODSKARBIEGO
2888 520 3219 569 HINCZKI.
3280 524 3459 585 1393.

1233 723 1402 785 Item
1451 743 1574 805 pro
1621 721 1749 785 filis
1795 722 2106 785 coloratis
2171 732 2238 784 et
2293 721 2463 785 albis
2527 722 2613 783 ad
2678 720 3185 804 requisicionem
3254 720 3534 802 predicti
3600 720 3877 785 Henrici
3943 722 4221 784 sartoris

1019 830 1190 892 VIII
1236 850 1324 893 sc.

1016 938 1174 999 item
1221 936 1384 999 feria
1429 938 1736 1019 proxime
1784 938 2088 1019 sequenti
2137 937 2338 1020 (12s8)
2320 935 2749 1016 )Waszconi
2796 934 3134 1019 terrigene
3198 935 3601 999 Dobrinensi
3667 937 3754 999 ad
3818 937 4215 1011 mandatum

1018 1044 1238 1128 Regis
1282 1043 1349 1106 II
1399 1065 1598 1107 mare.

1014 1152 1172 1214 item
1213 1152 1523 1233 Jaszconi
1570 1152 1898 1215 Rutheno
1946 1172 2068 1233 pro
2115 1151 2455 1233 appendio
2503 1152 2682 1214 dicto
2720 1150 2947 1235 geynk
2992 1151 3079 1215 ad
3126 1151 3515 1213 mandatum
3546 1150 3661 1227 dni
3700 1150 3921 1235 Regis
3950 1150 3981 1213 Ι
4010 1170 4213 1214 marc.

1013 1259 1172 1321 item
1220 1279 1422 1341 super
1467 1259 1708 1323 calceis
1753 1259 2052 1321 emendis
2099 1258 2534 1322 seruitoribus
2580 1258 2879 1321 thezauri
2923 1257 2956 1320 I
3004 1277 3203 1319 marc.
3252 1256 3470 1319 minus
3515 1255 3791 1320 fertone.

1013 1366 1170 1427 item
1219 1387 1340 1447 pro
1388 1366 1792 1429 consucione
1841 1366 2256 1439 mensalium,
2304 1366 2723 1439 nasilcarum‚
2771 1366 3345 1447 manutergiorum
3392 1364 3879 1447 etc..regalium
3912 1362 4083 1428 VIII
4116 1384 4213 1427 sc.

1012 1473 1166 1534 item
1217 1494 1340 1554 pro
1386 1473 1627 1555 strepis
1676 1484 1742 1535 et
1791 1474 2160 1536 calcaribus
2208 1474 2347 1536 dno
2394 1472 2582 1556 Regi
2630 1473 2871 1555 emptis
2930 1474 2992 1551 ¹s2
3050 1492 3285 1555 sexag.

1011 1580 1170 1642 item
1221 1601 1342 1662 pro
1391 1580 1490 1642 IV
1539 1581 1718 1643 sellis
1763 1580 2117 1643 uectilibus
2163 1600 2317 1642 cum
2368 1600 2597 1642 earum
2646 1580 3037 1653 attinenciiS,
3103 1580 3343 1661 emptis
3389 1580 3771 1644 vectoribus
3826 1582 3941 1645 dni
3990 1581 4211 1665 Regis

1011 1687 1042 1748 I
1091 1708 1289 1750 marc.
1337 1687 1510 1750 VIII
1557 1709 1648 1752 sc.

1007 1794 1166 1857 item
1214 1815 1336 1875 pro
1382 1793 1672 1879 falangis
1721 1796 1808 1857 ad
1853 1794 2140 1858 tentoria
2187 1796 2303 1858 dni
2351 1795 2572 1878 Regis
2622 1794 2723 1857 ΙΙΙ
2770 1816 2859 1858 sc.

1005 1901 1164 1963 item
1211 1899 1375 1965 feria
1422 1901 1524 1963 IV
1571 1902 1938 1983 proxima(
1920 1902 2283 1983 (3l8)1)pro
2329 1901 2600 1966 funibus
2646 1913 2713 1964 et
2762 1922 2884 1984 pro
2932 1902 3247 1987 gumphis
3292 1903 3379 1965 ad
3426 1903 3869 1967 distendenda
3922 1904 4207 1967 tentoria

1002 2008 1257 2091 regalia
1305 2009 1406 2071 III
1453 2030 1541 2072 sc.

1004 2116 1160 2177 item
1220 2116 1374 2179 duci
1421 2138 1652 2198 parwo
1699 2116 2182 2191 Semuschconi
2229 2117 2315 2179 ad
2364 2118 2753 2180 mandatum
2801 2116 2914 2179 dni
2963 2117 3187 2200 Regis
3235 2117 3266 2180 Ι
3314 2136 3514 2181 mare.

1001 2224 1160 2285 item
1209 2245 1331 2307 pro
1382 2223 1856 2308 beyngwantlzy
1903 2233 1972 2286 et
2015 2223 2243 2307 scorky
2280 2223 2761 2286 Cormanczoni
2810 2224 2895 2287 ad
2948 2226 3342 2287 mandatum
3380 2226 3493 2288 dni
3534 2225 3753 2309 Regis
3783 2225 3962 2305 1111512
4005 2246 4205 2293 mare.

1003 2329 1162 2393 item
1212 2351 1334 2413 pro
1381 2331 1638 2394 fusione
1686 2352 1984 2393 asserum
2033 2332 2503 2412 plumbeorum
2554 2332 2639 2395 ad
2686 2330 3186 2395 reformandum
3234 2342 3527 2395 castrum
3578 2332 3643 2395 in
3692 2331 3942 2395 Lublz'n
3992 2333 4023 2395 Ι
4060 2332 4207 2395 fert.

1003 2437 1159 2499 item
1209 2458 1331 2519 pro
1377 2440 1818 2521 exempcione
1865 2440 2152 2501 duorum
2200 2438 2256 2500 Ι
2259 2438 2423 2500 ithw
2426 2458 2705 2501 anorum
2754 2440 2841 2513 de
2885 2438 3186 2521 hospicio
3232 2439 3603 2502 Dzaczonis
3648 2450 3714 2501 et
3752 2439 4203 2503 Michalkonis

1001 2546 1090 2608 ad
1138 2540 1526 2608 mandatum
1575 2546 1687 2609 dni
1736 2546 1956 2628 Regis
2003 2546 2034 2608 Ι
2083 2565 2285 2609 mare.

1217 2650 1500 2715 Summa
1547 2653 1688 2716 XII
1738 2673 1939 2717 marc.
1989 2654 2094 2716 IX
2145 2674 2236 2716 se.

1217 2760 1386 2824 Item
1437 2761 1778 2833 Rutheno,
1826 2761 1940 2844 qui
1987 2779 2140 2832 cum
2187 2759 2581 2822 Thartharis
2626 2761 2690 2821 in
2740 2760 3000 2824 Luczko
3044 2759 3261 2824 fuerat
3308 2762 3549 2824 missus
3594 2772 3867 2843 propter
3912 2762 4204 2825 conduc-

1000 2876 1144 2929 tum
1193 2869 1278 2929 ad
1327 2868 1714 2931 mandatum
1766 2867 1879 2930 dni
1930 2868 2151 2951 Regis
2214 2868 2274 2949 ¹1¹2
2336 2888 2535 2931 marc,

999 2974 1158 3037 item
1206 2995 1327 3056 pro
1376 2975 1816 3057 exempcione
1862 2976 1947 3038 de
1992 2974 2294 3057 hospicio
2342 2975 2791 3057 predictorum
2842 2975 3367 3039 Thartharorum
3413 2976 3479 3037 in
3530 2974 3851 3041 Cracouia
3890 2979 3975 3041 ad
4014 2998 4203 3043 man-

1001 3084 1232 3144 datum
1281 3083 1394 3145 dni
1444 3083 1664 3166 Regis
1712 3082 1810 3144 VI
1862 3103 2062 3145 marc,

999 3188 1158 3251 item
1207 3210 1330 3271 pro
1377 3191 1690 3272 expensis
1735 3190 2185 3271 predictorum
2233 3189 2734 3263 Tartharorum‚
2782 3211 2934 3253 cum
2985 3192 3231 3255 reuersi
3270 3201 3429 3253 sunt
3460 3192 3545 3254 ad
3574 3192 3858 3273 propria,
3896 3194 3981 3255 ad
4014 3213 4202 3256 man-

999 3297 1228 3359 datum
1278 3297 1394 3359 dni
1444 3298 1662 3379 Regis
1709 3297 1809 3359 IV
1857 3318 2056 3361 marc,

998 3403 1157 3466 item
1205 3405 1396 3467 dictis
1443 3405 1738 3468 Tartaris
1785 3425 1908 3487 pro
1955 3406 2285 3487 expensiS,
2332 3426 2503 3487 quas
2548 3404 2850 3469 fecerunt
2914 3406 3278 3487 equitando
3343 3408 3429 3470 ad
3493 3408 3699 3470 dnum
3750 3406 4044 3490 Regem,
4108 3408 4197 3470 ad

999 3512 1399 3575 relacionem
1449 3512 1607 3587 eius,
1656 3512 1760 3575 ΙΙΙ
1806 3533 2005 3575 mare.

995 3619 1154 3681 item
1201 3621 1487 3683 sabbato
1535 3620 1599 3682 in
1647 3620 1936 3683 crastino
1986 3619 2500 3702 Assumpcionis
2547 3641 2595 3683 s.
2636 3620 2849 3684 Marie
2889 3622 3090 3703 (16s8)
3132 3620 3425 3683 Bunerio
3462 3640 3585 3701 pro
3620 3621 3785 3683 sella
3823 3620 3935 3683 dni
3974 3620 4194 3702 Regis

987 3726 1140 3789 XV
1188 3747 1276 3796 sc.

996 3834 1155 3897 item
1203 3854 1325 3915 pro
1372 3831 1500 3896 filis
1547 3834 1634 3897 ad
1680 3836 2141 3898 consuendum
2189 3835 2553 3898 tentorium
2602 3835 2717 3897 dni
2764 3834 2985 3917 Regis
3034 3834 3135 3898 III
3182 3854 3271 3897 se.

996 3941 1152 4003 item
1199 3962 1323 4024 pro
1369 3942 1587 4005 resina
1633 3942 1811 4005 dicta
1858 3962 2020 4013 maz,
2068 3953 2458 4006 transeunte
2505 3942 2641 4005 dno
2688 3941 2893 4025 Rege
2940 3942 3023 4005 de
3072 3940 3395 4005 Cracouia
3431 3942 3497 4003 in
3547 3940 3814 4004 Nouam
3854 3942 4189 4017 ciuitatem

997 4049 1082 4111 ad
1129 4068 1364 4112 currus
1408 4050 1702 4112 thezauri
1749 4050 1814 4110 V
1861 4070 1951 4113 sc.

994 4155 1150 4223 item
1199 4177 1322 4237 pro
1369 4159 1685 4239 expensis
1730 4157 1922 4220 factis
1968 4177 2087 4239 per
2132 4159 2341 4221 dnum
2391 4157 2875 4240 Hynczconem
2923 4134 3557 4219 vicethezaurarium
3616 4155 3937 4220 Cracouie
3992 4156 4193 4238 septi-

998 4282 1196 4325 mana
1239 4264 1629 4345 procedenti
1679 4286 1810 4326 vna
1858 4284 2011 4326 cum
2059 4265 2427 4327 sartoribus
2475 4264 2539 4327 ΙΙ
2588 4285 2787 4327 mare.
2836 4263 2938 4326 III
2984 4284 3169 4347 quar.

994 4370 1151 4432 item
1201 4370 1535 4433 dominico
1582 4371 1769 4434 Deus
1814 4372 1880 4433 in
1930 4372 2331 4436 adiutorium
2381 4374 2480 4454 (17
2488 4374 2581 4456 s8)
2630 4372 2937 4454 proxime
2984 4372 3289 4455 sequenti
3330 4372 3664 4435 Petrassio
3702 4373 3787 4435 de
3828 4370 4189 4435 Oleszm’cza

996 4478 1078 4539 ad
1129 4479 1518 4541 mandatum
1569 4479 1682 4541 dni
1731 4478 1952 4563 Regis
1998 4478 2174 4543 XIV
2224 4498 2428 4542 marc.
4102 4454 4115 4471 ’

1209 4583 1489 4647 Summa
1536 4585 1763 4648 XXX
1812 4606 2011 4649 marc.
2059 4586 2169 4648 XI
2216 4606 2306 4649 sc.
2357 4586 2465 4667 I¹l2
2526 4606 2625 4671 gr.

1206 4691 1377 4753 Item
1417 4692 1721 4771 Jacussio
1769 4693 1853 4754 de
1899 4692 2211 4755 Strzezow
2259 4694 2345 4755 ad
2393 4694 2787 4757 mandatum
2833 4694 2950 4757 dni
2997 4693 3217 4777 Regis
3264 4694 3366 4757 IV
3413 4713 3613 4758 marc.

985 4798 1149 4861 item
1199 4799 1506 4862 Dobconi
1555 4798 1982 4875 Olesszinski,
2029 4800 2143 4883 qui
2190 4812 2615 4863 concesserat
2662 4801 2798 4864 dno
2846 4801 3030 4884 Regi
3098 4802 3183 4865 ad
3250 4799 3661 4864 offertorium
3731 4802 3838 4862 die
3905 4822 3954 4865 s,
4021 4801 4189 4863 Lau-

995 4906 1200 4970 rencii
1249 4906 1280 4968 I
1327 4905 1471 4969 fert.

991 5014 1151 5076 item
1199 5035 1322 5096 pro
1368 5013 1547 5079 futro
1595 5015 1860 5098 lingwis
1907 5017 2275 5079 draconum
2342 5018 2428 5079 ad
2496 5036 2798 5079 mensam
2865 5016 3121 5099 regiam
3189 5015 3591 5098 ponencium
3660 5024 3937 5097 propter
3992 5035 4191 5078 vene·

993 5137 1155 5184 num
1204 5122 1305 5183 III
1353 5143 1451 5207 gr.

991 5228 1153 5290 item
1200 5249 1321 5310 pro
1368 5229 1813 5294 mundacione
1858 5231 2058 5294 trium
2112 5233 2495 5313 gladiorum
2544 5232 2872 5313 regalium
2923 5232 2989 5293 II
3036 5252 3128 5295 se.

991 5336 1150 5407 item
1198 5357 1320 5417 pro
1367 5337 1398 5399 Ι
1444 5358 1606 5419 pare
1653 5348 2025 5419 streparum
2074 5337 2447 5402 ferrearum
2496 5358 2649 5401 cum
2699 5338 3001 5423 corrigiis
3046 5339 3162 5401 dni
3209 5338 3430 5421 Regis
3479 5338 3581 5401 III
3628 5358 3715 5401 se.

989 5442 1149 5506 item
1197 5464 1318 5525 pro
1365 5445 1804 5527 exempcione
1850 5444 1986 5507 VII
2033 5447 2407 5509 tunicarum
2457 5466 2497 5509 a
2544 5456 2797 5507 sartore
2844 5446 3309 5508 conuchonum
3375 5447 3723 5528 regalium,
3788 5466 3829 5509 a
3894 5446 4189 5529 qualibet

991 5569 1111 5631 per
1158 5550 1259 5612 III
1307 5572 1409 5635 gr.
1455 5571 1720 5615 summa
1765 5551 1924 5615 facit
1970 5552 2120 5634 X1j2,
2181 5573 2273 5616 sc.

990 5656 1148 5719 item
1197 5679 1320 5739 pro
1367 5660 1808 5741 exempcione
1855 5660 2166 5723 sellarum
2217 5660 2332 5722 dni
2380 5659 2617 5740 Regis,
2664 5680 2797 5741 que
2846 5660 3141 5742 obligate
3191 5671 3381 5722 erant
3444 5661 3510 5741 in
3579 5680 3795 5723 auena
3840 5659 4031 5742 equis
4086 5678 4185 5721 re-
