4592 6559
988 509 1112 569 294
1517 503 1896 569 REJESTRA
1945 501 2209 568 STACYJ
2257 503 2548 552 DWORU
2595 489 2865 552 KRoLA
2912 503 2939 552 1
2993 489 3429 566 KROLOWEJ.
3487 510 3669 567 1404·

1013 759 1016 762 ,
1197 704 1369 767 Item
1418 705 1555 768 dno
1602 701 1787 790 Regi
1833 706 1920 769 ad
1967 723 2240 767 cenam:
2306 703 2466 767 item
2514 724 2721 786 pecus
2787 703 3148 787 proprium,
3212 702 3374 766 item
3448 704 3584 766 duo
3631 702 3875 766 arietes
3918 704 4183 785 proprii,

984 812 1147 874 item
1195 831 1318 894 pro
1366 811 1496 874 LX
1545 811 1760 894 pulliS,
1817 811 2096 895 quilibet
2159 812 2383 894 pullus
2428 831 2549 894 per
2606 811 2668 892 ¹J2
2727 831 2825 894 gr.
2890 809 3049 874 facit
3095 809 3239 874 XV
3285 829 3373 873 sc.
3438 810 3598 872 item
3644 830 3767 892 pro
3814 810 3883 874 II
3928 811 4185 894 sugillis

981 920 1050 983 ΙΙ
1098 920 1282 995 scoti,
1332 919 1492 983 item
1541 940 1662 1002 pro
1709 919 1812 983 IV
1859 921 2042 983 aucis
2089 920 2155 983 II
2202 920 2387 993 scoti,
2452 919 2610 983 item
2678 919 2779 982 IV
2825 938 3167 1002 cappones
3231 919 3497 1002 proprii,
3566 919 3724 981 item
3790 939 3912 1001 pro
3978 939 4185 1000 perna

981 1027 1260 1093 lat-dinis
1304 1027 1442 1090 VII
1489 1027 1674 1102 scoti,
1741 1028 1898 1090 item
1964 1048 2086 1110 pro
2151 1029 2327 1090 lacte
2390 1037 2460 1090 et
2522 1047 2747 1090 crema
2793 1026 2861 1087 V
2908 1047 3005 1110 gr.
3070 1026 3230 1089 item
3297 1046 3421 1108 pro
3472 1014 3531 1089 'C
3578 1046 3885 1089 oworum
3930 1026 4035 1089 III
4082 1047 4183 1111 gr.

981 1137 1143 1200 item
1189 1155 1311 1218 pro
1360 1134 1588 1197 XXX
1633 1135 1844 1198 caseis
1890 1135 1991 1197 IV
2040 1155 2138 1218 gr.
2195 1135 2355 1198 item
2404 1156 2528 1216 pro
2576 1136 2708 1197 olla
2754 1134 2955 1198 butiri
2999 1134 3102 1197 III
3149 1133 3333 1207 scoti,
3380 1135 3541 1196 item
3589 1155 3712 1216 pro
3759 1132 3860 1196 IV
3908 1133 4183 1197 octuali-

980 1245 1109 1308 bus
1153 1243 1430 1307 ceruisie
1479 1243 1511 1304 Ι
1559 1263 1717 1306 mar.

1196 1351 1368 1414 Item
1417 1351 1550 1414 dne
1596 1350 1870 1435 Regine
1917 1353 2005 1413 ad
2052 1371 2323 1413 cenam:
2390 1350 2549 1412 item
2597 1351 2733 1412 duo
2782 1349 3107 1431 quartalia
3154 1348 3457 1412 carnium
3505 1349 3790 1431 propria,
3854 1349 4011 1410 item
4061 1368 4181 1430 pro

981 1461 1188 1524 ariete
1235 1459 1338 1523 ΙΙΙ
1385 1459 1570 1532 scoti,
1616 1459 1776 1521 item
1823 1478 1945 1540 pro
1991 1458 2125 1520 XL
2171 1457 2370 1540 pullis
2420 1457 2493 1518 X
2540 1457 2724 1529 scoti,
2770 1456 2929 1518 item
2968 1475 3089 1537 pro
3138 1456 3206 1518 II
3253 1455 3513 1539 sugillis
3558 1455 3661 1518 III
3708 1477 3806 1540 gr.
3854 1455 4011 1518 item
4059 1476 4181 1536 pro

981 1567 1048 1630 II
1097 1567 1278 1631 aucis
1325 1566 1394 1628 II
1442 1587 1539 1649 gr.
1605 1566 1764 1628 item
1830 1586 1952 1648 pro
1998 1586 2209 1648 perna
2273 1564 2547 1627 lai-dinis
2592 1563 2765 1627 VIII
2830 1563 3018 1635 scoti,
3082 1563 3241 1624 item
3306 1583 3429 1644 pro
3475 1565 3649 1626 lacte
3694 1574 3761 1626 et
3808 1583 4033 1626 crema
4078 1562 4183 1626 IV

981 1675 1168 1748 scoti,
1233 1675 1392 1736 item
1457 1694 1580 1756 pro
1644 1673 1802 1755 piris
1867 1685 1936 1736 et
1983 1673 2232 1736 cerusis
2279 1672 2346 1735 II
2394 1671 2579 1744 scoti,
2644 1671 2800 1732 item
2866 1691 2987 1752 pro
3052 1670 3281 1733 XXX
3328 1669 3496 1732 owis
3540 1670 3649 1750 I¹l²
3709 1691 3807 1753 gr.
3853 1671 4011 1734 item
4060 1690 4181 1751 pro

983 1783 1116 1845 olla
1162 1781 1362 1844 butiri
1406 1780 1510 1844 III
1557 1801 1656 1865 gr.
1703 1781 1862 1844 item
1909 1801 2032 1862 pro
2079 1781 2147 1843 II
2193 1779 2569 1843 octualibus
2614 1778 2890 1842 ceruisie
2938 1777 3081 1841 XII
3127 1777 3310 1840 scoti.

1196 1887 1480 1954 Summa
1525 1889 1704 1951 diete
1751 1888 1930 1951 XIII
1979 1908 2138 1950 mar.
2186 1887 2358 1950 VIII
2407 1887 2575 1950 scoti
2634 1889 2695 1966 Ἲς
2755 1906 2852 1969 gr.

1194 1997 1365 2060 Item
1412 1996 1573 2060 feria
1621 1995 1720 2058 IV
1771 1997 1826 2077 (2
1839 1996 1972 2077 3s7)
2037 1997 2172 2058 dno
2218 1995 2405 2077 Regi
2470 1995 2555 2056 ad
2603 1994 2989 2075 prandium:
3038 1993 3215 2055 ‘item
3280 2013 3401 2073 pro
3466 1992 3757 2074 piscibus
3800 1991 4183 2055 recentibus

981 2126 1134 2169 eum
1184 2105 1327 2168 aliis
1373 2105 1671 2187 propriiS,
1719 2124 1890 2185 quos
1937 2103 2307 2174 habuimuS‚
2356 2103 2386 2164 I
2436 2121 2593 2163 mar.
2636 2100 2866 2180 X111s2
2916 2100 3100 2173 scoti,
3146 2100 3307 2162 item
3352 2119 3477 2182 pro
3516 2099 3583 2162 II
3622 2120 3854 2184 sexag.
3900 2099 4179 2182 piscium

981 2213 1310 2275 dictorum
1358 2209 1704 2295 stracsusz,
1761 2210 2057 2294 quelibet
2104 2229 2339 2292 sexag.
2387 2229 2509 2291 per
2554 2207 2653 2270 IV
2700 2218 2864 2270 scot.
2930 2207 3086 2270 facit
3134 2207 3307 2268 VIII
3352 2217 3515 2270 scot.
3579 2207 3738 2270 item
3785 2227 3911 2290 pro
3956 2206 4179 2270 VIIIC

981 2340 1305 2392 oworum,
1373 2319 1719 2401 quodlibet
1785 2329 2055 2381 centum
2104 2337 2225 2398 per
2271 2316 2373 2378 III
2422 2336 2521 2399 gr.
2568 2316 2967 2397 recipiendO,
3034 2314 3178 2377 XII
3226 2314 3412 2387 scoti,
3457 2315 3617 2377 item
3662 2334 3787 2397 pro
3833 2314 3902 2376 II
3948 2335 4179 2398 sexag.

981 2446 1349 2500 caseorum,
1415 2425 1712 2508 quelibet
1776 2445 2013 2508 sexag.
2078 2445 2198 2506 per
2243 2422 2345 2486 IV
2392 2443 2481 2486 se.
2528 2423 2674 2486 XII
2720 2443 2808 2486 se.
2874 2423 3033 2484 item
3102 2442 3220 2504 pro
3268 2420 3370 2483 IV
3418 2422 3565 2484 ollis
3611 2421 3829 2494 butiri,
3885 2421 4180 2504 quelibet

981 2535 1113 2597 olla
1157 2554 1277 2616 per
1322 2533 1424 2595 IV
1471 2553 1569 2616 gr.
1617 2532 1773 2596 facit
1809 2532 1982 2595 VIII
2019 2552 2110 2594 se.
2157 2531 2317 2594 item
2366 2551 2488 2613 pro
2536 2530 2808 2602 cancriS,
2852 2549 3144 2612 quorum
3194 2530 3294 2592 III
3334 2530 3517 2593 chori
3552 2550 3673 2611 per
3708 2529 3776 2590 V
3815 2551 3913 2612 gr.
3952 2529 4166 2610 V11¹J2

979 2641 1164 2714 scoti,
1211 2641 1372 2704 item
1420 2651 1542 2723 pro
1590 2641 1764 2703 lacte
1812 2650 1878 2701 et
1924 2660 2150 2702 crema
2187 2638 2290 2702 III
2328 2639 2513 2712 scoti,
2560 2637 2715 2701 item
2766 2657 2888 2718 pro
2927 2636 3027 2699 VI
3066 2636 3441 2700 octualibus
3488 2637 3783 2712 ceruisie‚
3832 2637 4181 2719 quodlibet

979 2749 1244 2812 octuale
1290 2769 1411 2831 per
1455 2747 1558 2810 VI
1606 2767 1695 2810 sc,
1741 2746 1898 2810 facit
1931 2747 2091 2810 XII
2137 2755 2298 2808 scot.

1192 2856 1364 2918 Item
1412 2856 1544 2918 dne
1597 2854 1870 2939 Regine
1917 2856 2002 2916 ad
2051 2854 2439 2936 prandium:
2499 2853 2659 2915 item
2707 2873 2831 2935 pro
2876 2853 3169 2933 piscibus
3215 2852 3593 2916 recentibus
3638 2872 3791 2916 cum
3840 2852 3985 2915 aliis
4029 2873 4178 2936 pro-

978 2963 1134 3045 priis
1181 2961 1432 3025 XVIII
1478 2961 1665 3034 scoti,
1730 2962 1890 3024 item
1955 2980 2076 3043 pro
2123 2961 2158 3024 I
2205 2981 2439 3043 sexag.
2485 2957 2813 3042 stracfusz
2876 2959 2978 3021 IV
3024 2959 3210 3033 scoti,
3274 2959 3432 3022 item
3496 2980 3620 3041 pro
3665 2958 3813 3021 VIC
3860 2980 4181 3034 oworum,

980 3069 1329 3152 quodlibet
1375 3079 1647 3132 centum
1711 3090 1830 3151 per
1878 3069 1979 3131 III
2028 3089 2126 3151 gr.
2175 3061 2347 3130 facit'
2380 3069 2488 3130 IX
2534 3087 2623 3129 sc.
2688 3067 2851 3129 item
2915 3086 3037 3148 pro
3087 3067 3117 3128 I
3165 3086 3401 3150 sexag.
3449 3087 3797 3130 caseorum
3846 3066 3947 3130 VI
3995 3068 4179 3142 scoti,

980 3177 1136 3239 item
1183 3196 1306 3259 pro
1353 3177 1527 3239 lacte
1593 3187 1660 3238 et
1707 3196 1932 3239 crema
1977 3175 2122 3256 V1l'2
2181 3175 2367 3248 scoti,
2432 3175 2592 3237 item
2658 3194 2780 3255 pro
2845 3173 3003 3255 piris
3061 3185 3129 3237 et
3174 3174 3423 3237 cerusis
3470 3174 3571 3237 III
3618 3174 3805 3248 scoti,
3850 3175 4009 3238 item
4056 3196 4177 3257 pro

980 3284 1238 3348 cancris
1284 3283 1394 3345 VI·
1433 3285 1616 3356 scoti,
1663 3284 1822 3346 item
1870 3303 1994 3366 pro
2042 3283 2142 3345 III
2192 3283 2567 3346 octuahbus
2616 3281 2893 3344 ceruisie
2941 3281 3189 3343 XVIII
3236 3281 3420 3345 scoti.

1195 3392 1368 3454 Item
1431 3392 1568 3453 dno
1631 3391 2064 3454 marsalconi:
2131 3391 2286 3454 item
2356 3410 2477 3472 pro
2541 3389 2833 3471 piscibus
2896 3388 3275 3452 recentibus
3320 3387 3421 3450 VI
3468 3389 3653 3462 scoti,
3716 3389 3877 3452 item
3922 3410 4047 3471 pro
4094 3391 4176 3452 IC

980 3519 1285 3562 oworum
1335 3498 1435 3561 III
1483 3519 1583 3582 gr.
1649 3499 1808 3561 item
1871 3499 1934 3577 ¹,f2
1985 3509 2226 3580 sexag.
2275 3517 2625 3559 caseorum
2683 3497 2784 3558 III
2833 3495 3017 3569 scoti,
3080 3496 3239 3559 item
3288 3516 3410 3578 pro
3458 3497 3589 3558 olla
3635 3496 3836 3559 butiri
3880 3497 3946 3558 II
3994 3497 4177 3568 scoti,

978 3607 1138 3670 item
1177 3626 1308 3688 pro
1357 3606 1612 3668 cancris
1659 3606 1722 3667 II
1740 3607 1802 3686 ¹(2
1861 3626 1959 3689 gr.
2007 3606 2166 3668 item
2213 3625 2336 3686 pro
2385 3605 2414 3666 I
2462 3605 2706 3666 octuali
2752 3603 3029 3666 ceruisie
3077 3602 3177 3665 VI
3225 3603 3411 3666 scoti.

1193 3714 1366 3776 Item
1434 3714 1569 3777 dno
1633 3713 1914 3775 Nicolao
1980 3712 2525 3776 vicecancellario
2546 3729 2563 3773 :‘
2625 3712 2783 3774 item
2850 3732 2971 3793 pro
3036 3711 3331 3792 piscibus
3393 3711 3775 3775 recentibus
3840 3709 3941 3773 IV
3990 3710 4175 3782 scoti,

979 3821 1138 3885 item
1185 3841 1308 3903 pro
1357 3820 1410 3884 C
1457 3840 1761 3883 oworum
1811 3821 1912 3882 III
1960 3840 2058 3903 gr.
2107 3819 2266 3882 item
2314 3840 2436 3901 pro
2495 3821 2558 3898 ¹1¹2
2600 3839 2843 3902 ,sexagz
2892 3838 3239 3881 caseorum
3290 3819 3391 3880 III
3437 3818 3623 3890 scoti,
3668 3818 3829 3880 item
3874 3837 3998 3900 pro
4044 3817 4176 3879 olla

979 3927 1180 3992 butiri
1238 3927 1418 4008 ΙΙΙ1Ι2
1478 3948 1576 4011 gr.
1640 3928 1800 3990 item
1865 3947 1989 4008 pro
2036 3925 2102 3986 V
2149 3927 2580 4010 ligaminibus
2642 3926 2941 4008 piscium,
3004 3925 3351 4008 quodlibet
3416 3925 3710 4009 ligamen
3775 3945 3897 4008 per
3954 3924 4018 4004 ¹l2
4078 3945 4174 4009 gr.

979 4035 1126 4117 II¹s2
1186 4055 1284 4119 gr.
1331 4035 1490 4097 item
1538 4055 1662 4116 pro
1709 4035 1740 4096 I
1789 4033 2038 4097 octuali
2085 4033 2363 4097 ceruisie
2410 4033 2512 4095 VI
2558 4033 2741 4097 scoti.

1193 4142 1366 4204 Item
1415 4142 1759 4205 Ruthenis
1805 4162 1960 4204 cum
2009 4141 2248 4205 ceteris
2295 4140 2567 4204 Polonis
2614 4161 2815 4222 super
2860 4140 3067 4203 diaria
3111 4140 3443 4222 ipsorum:
3508 4142 3671 4204 item
3716 4162 3839 4223 pro
3886 4141 4175 4223 piscibus

977 4249 1358 4313 recentibus
1422 4248 1575 4311 XX
1621 4249 1804 4322 scoti,
1870 4249 2030 4311 item
2094 4269 2217 4330 pro
2284 4248 2383 4310 III
2432 4269 2668 4331 sexag.
2732 4249 3010 4330 piscium
3078 4248 3409 4311 dictorum
3470 4249 3815 4330 stracfmz,
3881 4248 4177 4331 quelibet

977 4377 1214 4440 sexag.
1261 4377 1381 4438 per
1407 4355 1508 4419 IV
1537 4366 1698 4420 scot.
1727 4355 1871 4419 XII
1900 4355 2086 4428 scoti,
2132 4356 2292 4418 item
2339 4374 2461 4436 pro
2509 4355 2610 4417 III
2660 4355 2879 4417 choris
2926 4375 3322 4418 cancrorum
3354 4354 3491 4417 VII
3506 4355 3568 4436 ¹l2
3626 4355 3812 4430 scoti,
3858 4355 4017 4418 item
4054 4375 4175 4438 pro

979 4464 1049 4527 ΙΙ
1096 4464 1474 4528 octualibus
1521 4464 1800 4527 ceruisie
1845 4462 1992 4526 XII
2035 4463 2220 4526 scoti.

1192 4572 1366 4634 Item
1411 4570 1776 4634 falconistis
1840 4591 1993 4633 cum
2038 4570 2411 4653 hospitibus
2473 4571 2559 4632 de
2606 4567 2933 4633 Moszkwa
3042 4569 3200 4633 item
3265 4590 3387 4652 pro
3450 4569 3741 4652 piscibus
3801 4569 4177 4632 recentibus

978 4678 1152 4742 VIII
1200 4677 1385 4754 scoti,
1430 4679 1592 4740 item
1633 4699 1756 4759 pro
1794 4677 2088 4760 piscibus
2124 4675 2451 4761 straeffusz
2477 4676 2579 4740 VI
2618 4677 2801 4752 scoti,
2838 4677 2997 4740 item
3035 4697 3158 4758 pro
3196 4677 3227 4738 I
3266 4677 3512 4742 octuali
3547 4675 3824 4739 ceruisie
3852 4675 3953 4738 VI
3990 4677 4175 4740 scoti.

1065 4807 1069 4813 ’
1191 4787 1362 4849 Item
1410 4785 1546 4848 dno
1593 4785 1778 4869 Regi
1844 4786 1931 4849 ad
1977 4805 2248 4847 cenam:
2315 4784 2472 4847 item
2521 4805 2643 4866 pro
2708 4783 3000 4866 piscibus
3065 4784 3445 4848 recentibus
3489 4782 3737 4846 XVIII
3784 4783 3969 4857 scoti,
4015 4783 4173 4846 item

976 4914 1100 4975 pro
1146 4894 1178 4957 I
1225 4913 1462 4976 sexag.
1505 4890 1834 4975 straqfusz
1878 4891 1979 4954 IV
2026 4891 2209 4965 scoti,
2256 4891 2418 4954 item
2466 4911 2589 4972 pro
2637 4890 2780 4952 VIC
2829 4912 3153 4965 oworum,
3201 4891 3547 4973 quodlibet
3592 4901 3862 4956 centum
3908 4911 4029 4973 per
4072 4891 4174 4954 III

978 5020 1079 5086 gr.
1126 5001 1237 5062 IX
1281 5000 1468 5074 scoti,
1532 5000 1692 5062 item
1759 5020 1880 5081 pro
1928 5000 1996 5061 II
2051 5019 2287 5082 sexag.
2354 5018 2723 5073 caseorum,
2789 4999 3083 5081 quelibet
3146 5020 3380 5082 sexag.
3448 5018 3568 5080 per
3612 4997 3713 5061 VI
3760 5019 3850 5061 sc,
3896 4999 4039 5061 XII
4084 5019 4173 5062 se.

976 5109 1136 5171 item
1183 5128 1306 5190 pro
1353 5107 1455 5170 III
1503 5107 1653 5169 ollis
1696 5107 1897 5170 butiri
1943 5105 2044 5168 VI
2110 5106 2293 5179 scoti,
2362 5105 2520 5168 item
2586 5127 2711 5188 pro
2776 5107 2842 5169 II
2891 5106 3110 5170 choris
3174 5125 3568 5168 cancrorum
3616 5105 3718 5167 VI
3783 5106 3968 5180 scoti,
4014 5105 4174 5169 item

977 5235 1099 5297 pro
1144 5217 1319 5278 lacte
1366 5226 1436 5278 et
1483 5235 1707 5277 crema
1753 5213 1854 5276 IV
1901 5215 2084 5287 scoti,
2153 5213 2312 5276 item
2361 5233 2483 5295 pro
2549 5213 2649 5276 IV
2698 5214 3072 5277 octualibus
3137 5213 3434 5287 ceruisie‚
3500 5213 3846 5296 quodlibet
3908 5215 4173 5278 octuale

976 5343 1097 5404 per
1142 5321 1243 5384 VI
1289 5333 1451 5385 scot.
1500 5323 1533 5383 I
1579 5341 1738 5384 mar.

1192 5429 1362 5493 Item
1411 5430 1542 5491 dne
1591 5428 1865 5513 Regine
1912 5429 1998 5491 ad
2046 5447 2319 5491 cenam:
2384 5427 2543 5490 item
2590 5449 2713 5510 pro
2760 5428 3051 5511 piscibus
3096 5427 3475 5491 recentibus
3537 5426 3717 5490 XVI
3765 5427 3950 5502 scoti,
4012 5427 4172 5491 item

974 5557 1100 5621 pro
1145 5535 1256 5597 VC
1304 5556 1628 5610 oworum,
1690 5536 2038 5619 quodlibet
2102 5545 2375 5600 centum
2442 5556 2562 5618 per
2606 5537 2707 5599 III
2755 5557 2854 5620 gr.
2919 5534 3078 5598 facit
3122 5535 3258 5598 VII
3304 5555 3395 5598 se.
3441 5536 3472 5598 I
3522 5555 3620 5618 gr.
3675 5534 3834 5598 item
3882 5555 4007 5617 pro
4051 5535 4161 5618 Ill,

978 5665 1215 5728 sexag.
1263 5663 1632 5718 caseorum,
1679 5643 2051 5726 quamlibet
2095 5663 2331 5726 sexag.
2379 5663 2502 5725 per
2548 5643 2649 5706 VI
2695 5653 2858 5706 scot.
2906 5642 3012 5706 IX
3060 5643 3245 5718 scoti,
3290 5643 3451 5706 item
3496 5661 3621 5725 pro
3667 5643 3735 5705 ΙΙ
3782 5643 3929 5706 ollis
3976 5643 4173 5706 butiri
