4592 6559
1193 492 1570 558 REJESTRA
1619 494 2207 543 PonsKARmEGo
2254 496 2589 545 Hmczm.
2648 503 2839 563 1394·
3492 503 3605 564 193

409 692 570 755 item
626 692 970 756 Ruszconi
1034 693 1519 757 marschalconi
1567 693 2157 769 Oszwancitnensi‚
2225 716 2393 777 quas
2458 696 2927 759 Hannuschko
2992 696 3438 761 cubicularius
3503 698 3620 759 dni

412 798 634 883 Regis
680 797 1118 874 fideiusserat,
1164 799 1310 863 XV
1355 821 1557 866 marc.

409 905 571 969 item
617 906 753 970 dno
799 906 1160 972 Heccardo
1208 910 1292 971 de
1339 907 1656 973 Wawlde
1722 908 1980 973 Saxoni
2045 932 2168 993 pro
2233 931 2358 973 suo
2421 910 2753 1005 stipendio
2818 912 2905 974 ad
2954 912 3173 996 Regis
3223 913 3615 975 mandatum

412 1014 648 1078 vocale
696 1015 926 1078 XXX
973 1036 1176 1080 marc.

411 1121 570 1185 item
619 1121 979 1206 Hanniger
1025 1124 1236 1187 eciam
1284 1124 1541 1189 Saxoni
1587 1126 1856 1189 racione
1903 1126 2007 1189 sui
2053 1126 2364 1208 stipendii
2408 1128 2519 1189 uel
2566 1126 2809 1189 sallarii
2848 1126 2935 1189 ad
2974 1127 3363 1189 mandatum
3404 1126 3616 1189 eciarn

413 1229 635 1313 Regis
680 1229 908 1293 XXX
957 1251 1158 1295 marc.

411 1336 572 1400 item
619 1337 756 1400 dno
800 1336 1034 1401 Vlrico
1080 1341 1166 1403 de
1213 1339 1460 1424 Borgis
1505 1340 1716 1405 eciam
1764 1362 1887 1423 pro
1933 1341 2229 1425 ipsorum
2276 1342 2542 1405 sallario
2590 1342 2811 1405 XXV
2859 1361 3059 1404 marc.

413 1444 572 1508 item
621 1445 772 1509 dnis
817 1444 1120 1511 Henrico
1166 1457 1235 1509 et
1283 1446 1608 1531 Hennigo
1653 1448 1952 1511 similiter
1995 1469 2119 1530 pro
2165 1449 2497 1531 stipendio
2546 1450 2690 1512 XII
2706 1450 2769 1529 ¹l2
2828 1468 3027 1511 marc.

413 1553 573 1616 item
617 1574 741 1637 pro
787 1556 1090 1636 spadone
1135 1556 1299 1617 dato
1343 1555 1496 1619 duci
1543 1554 1904 1637 Sluppensi
1950 1556 2180 1637 XX¹l2
2239 1576 2439 1620 marc.

414 1660 574 1725 item
622 1662 758 1724 dno
805 1662 1088 1725 Nicolao
1135 1662 1220 1725 de
1265 1660 1789 1725 Szekosszowz'cze
1833 1683 1954 1744 pro
2001 1664 2334 1745 stipendio
2381 1664 2605 1727 XXV
2653 1684 2850 1728 marc.

415 1767 575 1830 item
620 1788 744 1851 pro
788 1768 846 1831 L
891 1770 1068 1833 vlnis
1111 1770 1246 1833 tele
1293 1771 1380 1833 ad
1427 1770 1750 1833 mensalia
1799 1770 2016 1854 Regis
2061 1791 2184 1852 per
2229 1770 2330 1833 IV
2379 1791 2479 1854 gr.
2526 1772 2628 1835 III
2677 1791 2877 1834 rnarc.
2924 1770 3026 1833 VI
3072 1790 3171 1853 gr.

628 1873 914 1940 Summa
959 1875 1232 1941 CXVII
1278 1898 1478 1941 marc.
1525 1876 1713 1941 XXI
1760 1898 1850 1941 sc,

628 1983 800 2046 Item
847 2005 971 2067 pro
1015 1984 1498 2049 reformacione
1544 1988 1779 2048 assede
1828 1984 2048 2067 Regis
2094 1984 2231 2047 VII
2277 2006 2366 2049 sc.

413 2088 574 2152 item
619 2108 742 2172 pro
789 2092 1105 2174 expensis
1151 2093 1576 2175 precedentis
1621 2092 1994 2175 septimane
2042 2092 2156 2157 dni
2204 2092 2647 2177 Hynczkonis
2708 2092 3265 2165 vicethezaurarii‚
3311 2092 3501 2157 factis
3548 2092 3615 2154 in

417 2194 742 2261 Cracouia
787 2198 821 2260 I
867 2219 1070 2263 marc.

414 2304 577 2368 item
625 2305 732 2368 die
778 2306 1118 2371 dominico
1165 2307 1471 2389 sequenti
1521 2307 1723 2389 (21s6)
1791 2328 1912 2389 pro
1959 2306 1991 2369 Ι
2036 2308 2250 2369 barila
2316 2308 2592 2370 ceruisie
2658 2304 3160 2389 Swydnicensis
3207 2308 3295 2369 ad
3341 2307 3614 2369 manda-

415 2422 560 2476 tum
608 2413 724 2476 dni
771 2414 996 2497 Regis
1057 2415 1118 2495 Ἰ,
1179 2436 1379 2479 marc.
1428 2416 1461 2479 I
1508 2436 1606 2500 gr.

416 2520 575 2584 item
621 2540 746 2603 pro
793 2522 980 2585 vitris
1023 2522 1318 2585 bibendo
1365 2523 1615 2598 vinum,
1663 2522 1820 2605 quia
1864 2533 2025 2586 tunc
2072 2522 2301 2585 multis
2345 2522 2719 2605 hospitibus
2764 2531 2833 2585 et
2870 2521 3279 2604 principibus
3324 2521 3613 2583 existen-

417 2628 614 2703 tibus,
659 2628 834 2692 VIII
879 2651 980 2714 gr.
1028 2629 1209 2693 XVI
1254 2632 1406 2693 den.

417 2736 578 2799 item
641 2757 764 2820 pro
828 2735 932 2799 VI
999 2738 1147 2801 ollis
1209 2738 1550 2801 Romanie
1616 2738 1703 2800 ad
1765 2738 2116 2819 prandium
2184 2738 2300 2800 dni
2365 2738 2587 2822 Regis
2648 2757 2771 2819 per
2832 2737 2908 2799 X
2974 2757 3071 2820 gr.
3138 2737 3289 2809 olla,
3352 2754 3619 2798 summa

431 2844 494 2925 ΙΙ,
551 2865 786 2929 sexag.

417 2952 578 3016 item
623 2973 747 3035 pro
794 2953 862 3017 II
909 2954 1058 3017 ollis
1105 2952 1346 3018 Gallici
1391 2954 1546 3029 vini,
1592 2953 1894 3017 similiter
1940 2956 2026 3017 ad
2071 2954 2427 3037 prandium
2466 2954 2579 3015 dni
2620 2952 2855 3036 Regis,
2902 2972 3024 3033 per
3061 2952 3171 3013 IX
3210 2972 3307 3036 gr.
3345 2969 3611 3013 summa

419 3058 531 3122 IX
573 3080 663 3124 sc,

419 3165 578 3230 item
625 3189 750 3250 pro
795 3178 1142 3251 portatura
1187 3168 1288 3231 IV
1334 3170 1696 3233 barilarurn
1745 3170 1882 3232 vini
1929 3178 1998 3233 et
2043 3168 2321 3231 ceruisie
2369 3167 2881 3233 Swidniczensis
2929 3167 3030 3231 [V
3077 3188 3175 3251 gr.

417 3274 578 3338 item
626 3296 748 3358 pro
795 3276 1008 3340 serico
1056 3277 1254 3361 nigro
1299 3298 1420 3359 per
1467 3278 1675 3340 dnum
1738 3276 2178 3340 Nowfconem
2245 3285 2517 3357 recepto
2583 3276 2650 3338 in
2716 3274 3160 3339 mercimoniis
3207 3275 3294 3336 ad
3340 3271 3616 3336 relacio-

419 3402 574 3445 nem
621 3383 736 3446 dni
783 3383 1005 3467 Regis
1051 3384 1084 3446 I
1131 3404 1336 3448 marc.
1382 3383 1521 3447 VII
1567 3404 1661 3449 sc.

417 3490 576 3553 item
623 3489 788 3553 feria
831 3490 933 3554 VI
979 3492 1286 3575 sequenti
1333 3493 1536 3576 (26s6)
1583 3492 1997 3575 procuratori
2045 3490 2475 3554 Cracouiensi
2521 3491 2607 3552 ad
2654 3490 3028 3554 ordinanda
3064 3488 3439 3551 necessaria
3475 3489 3613 3550 dno

419 3597 608 3681 Regi
653 3597 807 3661 XX
854 3619 1055 3662 marc.

419 3704 579 3767 item
626 3706 780 3768 duci
826 3704 1481 3789 Osswenczymiensi
1526 3727 1648 3789 pro
1695 3706 2028 3788 stipendio
2079 3706 2256 3769 XVI
2306 3726 2503 3769 marc.

419 3811 580 3875 item
629 3812 831 3875 Petro
877 3814 1137 3876 notario
1183 3813 1372 3878 ducis
1418 3812 1704 3876 Witoldi
1751 3834 1873 3895 pro
1919 3814 2178 3876 casside
2213 3811 2561 3896 przilbt'cza
2597 3813 2698 3875 IV
2738 3833 2937 3876 marc,
2976 3813 3191 3874 eidem
3232 3832 3356 3894 pro
3393 3831 3618 3893 panno

421 3917 524 3982 IV
571 3938 771 3983 marc.
817 3940 1083 3983 summa
1127 3920 1301 3983 VIII
1349 3940 1549 3984 marc,

422 4024 580 4090 item
629 4026 1082 4091 Weruschoni
1129 4032 1214 4092 ad
1263 4030 1656 4092 mandatum
1706 4029 1820 4091 dni
1868 4028 2088 4111 Regis
2135 4028 2391 4090 literale
2438 4026 2617 4090 XIV
2664 4046 2863 4090 marc.

635 4133 920 4200 Summa
964 4136 1170 4200 LXII
1216 4158 1417 4199 mare.
1463 4136 1572 4199 IX
1619 4157 1706 4199 se.

636 4242 808 4305 Item
856 4264 979 4325 pro
1027 4246 1346 4326 expensis
1394 4244 1576 4307 Petri
1622 4244 1860 4306 notarii
1907 4243 2096 4306 ducis
2144 4243 2429 4307 Witoldi
2474 4244 2543 4306 ΙΙ
2590 4264 2792 4307 marc.

421 4349 581 4413 item
627 4370 751 4432 pro
799 4349 902 4414 III
949 4352 1360 4433 spadonibus
1416 4353 1550 4415 dno
1615 4350 1805 4434 Regi
1870 4350 2130 4431 emptiS‚
2193 4350 2449 4431 primus
2514 4371 2636 4432 pro
2684 4350 2899 4413 XVII
2914 4348 2976 4431 ¹l2
3037 4370 3237 4413 marc.
3286 4350 3624 4413 secundus

423 4476 546 4538 pro
593 4458 739 4520 XII
784 4478 984 4522 marc.
1033 4469 1100 4521 et
1144 4459 1390 4523 tercius
1436 4478 1560 4540 pro
1607 4458 1681 4519 X
1731 4477 1930 4519 mare.
1978 4477 2243 4519 summa
2285 4456 2449 4520 facit
2494 4456 2705 4538 XL¹l2
2763 4477 2965 4521 marc,

420 4564 579 4627 item
628 4585 750 4647 pro
795 4564 896 4627 IV
943 4567 1212 4630 balistis.
1245 4566 1462 4629 missis
1509 4566 1661 4629 duci
1709 4564 2015 4627 Witoldo
2061 4584 2183 4646 per
2229 4564 2483 4627 dictum
2530 4565 2861 4627 notarium
2911 4585 3128 4639 suum,
3166 4552 3465 4647 quelibet
3503 4584 3625 4645 per

423 4672 456 4733 I
503 4691 702 4735 marc.
749 4683 819 4735 et
865 4672 965 4735 IV
1012 4694 1103 4737 sc.
1149 4674 1253 4736 IV
1300 4694 1500 4737 marc.
1550 4671 1730 4734 XVI
1777 4692 1864 4735 sc.

421 4777 583 4842 itern
630 4780 896 4843 duobus
939 4780 1230 4843 heroldis
1276 4782 1362 4843 de
1407 4780 1668 4863 Anglia
1715 4779 1801 4841 ad
1849 4780 2240 4842 mandatum
2289 4780 2404 4842 dni
2452 4780 2673 4862 Regis
2719 4778 2892 4842 VIII
2938 4799 3140 4842 mare.

421 4884 584 4948 item
631 4886 786 4949 duci
833 4885 1272 4971 Skyrgelloni
1320 4907 1442 4970 pro
1489 4886 1807 4968 expensis
1855 4886 1942 4947 ad
1989 4888 2383 4949 mandatum
2431 4886 2547 4949 dni
2594 4887 2815 4971 Regis
2859 4884 3005 4949 XII
3052 4905 3257 4949 marc.

421 4992 584 5055 item
633 4992 961 5056 Clementi
1008 5004 1076 5057 et
1132 4994 1424 5074 Johanni
1487 4992 1798 5067 heftariiS,
1866 4992 1979 5073 qui
2043 4991 2405 5075 fidedignis
2472 4993 2958 5056 assercionibus
3022 5014 3095 5055 se
3143 4994 3456 5056 dixerant
3501 5013 3624 5075 pro

423 5110 712 5184 argento
759 5110 831 5163 et
874 5121 1039 5164 auro
1086 5099 1284 5163 filatis
1331 5111 1401 5163 et
1446 5100 1590 5163 aliis
1636 5100 2028 5161 necessariis
2076 5102 2161 5162 ad
2210 5112 2519 5161 ornatum
2568 5100 2653 5162 ad
2701 5099 3139 5184 Sangwinem
3182 5101 3345 5181 Jesu
3387 5099 3627 5163 Christi

423 5205 492 5267 V
539 5227 740 5271 marc.

421 5313 583 5377 item
631 5315 696 5377 in
744 5316 976 5399 vigilia
1021 5316 1234 5378 sancti
1273 5314 1596 5395 Johannis
1641 5316 1821 5396 bapt.
1871 5314 1926 5396 (2
1940 5335 1973 5393 3
1979 5314 2074 5399 sb)
2140 5314 2703 5395 viceprocuratori
2765 5314 3191 5378 Cracouiensi
3237 5315 3622 5378 ordinandis

423 5422 814 5487 necessariis
859 5444 982 5505 pro
1030 5422 1316 5506 coquina
1362 5423 1479 5484 dni
1528 5421 1749 5505 Regis
1789 5432 1856 5483 et
1893 5422 2026 5483 dne
2064 5421 2341 5505 Regine
2388 5423 2474 5483 ad
2522 5423 2914 5484 mandatum
2964 5442 3195 5485 eorum
3236 5421 3386 5484 XX
3426 5442 3624 5485 marc,

423 5528 586 5591 item
633 5528 1042 5611 Hynczkoni
1098 5530 1184 5591 de
1253 5526 1743 5612 Wylamowz’cze
1803 5549 2008 5610 super
2071 5527 2174 5591 IV
2221 5529 2430 5591 hastis
2496 5531 2580 5591 ad
2648 5530 3161 5611 expedicionem
3227 5529 3343 5591 dni
3409 5529 3629 5613 Regis

429 5636 577 5697 XX
629 5656 828 5699 marc,

640 5776 926 5817 Monumentn
953 5775 1088 5817 medii
1119 5776 1230 5816 aevi.
1261 5774 1310 5816 Τ.
1342 5776 1438 5817 XV.
3352 5776 3376 5808 2
3386 5774 3411 5825 5
