4592 6559
1000 504 1124 563 314
1531 499 1907 565 REJESTRA
1957 500 2216 563 STACYJ
2267 501 2561 550 Divom]
2610 488 2875 551 KROI,A
2924 503 2949 549 1
3002 490 3435 567 KROLOWEJ.
3496 511 3674 569 ¹405·

994 696 1097 759 III
1146 698 1313 762 scoti
1359 699 1503 761 XII
1551 700 1702 763 den.
1767 701 1926 764 item
1993 720 2115 782 pro
2164 700 2230 762 II
2277 722 2513 785 sexag.
2580 701 2859 783 piscium
2926 702 3251 787 stracfusz
3297 703 3395 765 VI
3462 704 3645 777 scoti,
3710 704 3870 767 item
3918 725 4039 785 pro
4089 704 4195 766 111

997 805 1373 867 octualibus
1421 807 1720 881 ceruisie‚
1768 809 2115 890 quodlibet
2153 810 2417 871 octuale
2464 830 2587 891 per
2632 809 2732 871 VI
2780 820 2941 872 scot.
2992 810 3022 871 I
3071 831 3230 873 mar.

1208 912 1376 975 Item
1427 914 1558 975 dne
1607 914 1880 997 Regine
1926 916 2014 977 ad
2059 935 2332 977 cenam:
2381 917 2539 979 item
2590 937 2710 998 pro
2756 916 3049 998 piscibus
3096 918 3477 980 recentibus
3522 918 3665 981 XII
3682 918 3743 999 ¹1¹2
3802 920 3983 992 scoti,
4029 920 4192 983 item

993 1040 1116 1100 pro
1163 1020 1419 1083 cancris
1465 1020 1568 1083 ΙΙΙ
1615 1022 1798 1095 scoti,
1845 1022 2006 1085 item
2062 1043 2184 1104 pro
2252 1023 2396 1085 IVC
2454 1044 2776 1097 oworum,
2841 1024 3189 1106 quodlibet
3253 1035 3523 1087 centum
3571 1045 3693 1107 per
3738 1025 3840 1087 III
3888 1040 3987 1110 gn
4032 1025 4195 1089 facit

998 1125 1094 1187 VI
1141 1147 1230 1190 se.
1275 1127 1436 1190 item
1473 1147 1596 1209 pro
1643 1128 1710 1189 II
1750 1130 1895 1192 ollis
1941 1130 2140 1192 butiri
2187 1130 2286 1193 IV
2316 1132 2498 1204 scoti,
2547 1131 2705 1194 item
2754 1152 2875 1215 pro
2924 1132 2955 1194 I
3003 1152 3237 1215 sexag.
3282 1152 3627 1195 caseorum
3659 1132 3761 1195 VI
3808 1134 3989 1207 scoti,
4025 1134 4189 1196 item

993 1255 1112 1316 pro
1160 1236 1334 1299 lacte
1381 1246 1448 1297 et
1492 1256 1716 1299 crema
1763 1237 1864 1299 III
1911 1238 2094 1312 scoti,
2159 1238 2321 1300 item
2386 1259 2507 1320 pro
2554 1240 2709 1319 piris
2756 1248 2825 1301 et
2869 1239 3085 1319 pomis
3133 1238 3198 1300 II
3244 1240 3427 1312 scoti,
3473 1240 3631 1303 item
3678 1260 3803 1322 pro
3848 1240 3915 1303 II
3961 1252 4193 1305 octua-

991 1341 1164 1405 libus
1212 1344 1488 1406 ceruisie
1536 1344 1682 1407 XII
1729 1345 1912 1409 scoti.

1202 1450 1484 1514 Summa
1529 1451 1706 1515 diete
1754 1452 2086 1534 XXIII¹f2
2146 1472 2307 1515 mar.
2355 1454 2500 1516 XII
2546 1456 2693 1517 den.

1203 1558 1556 1621 Dominica
1601 1559 1915 1640 proxima
1961 1570 2114 1641 post
2159 1558 2403 1623 festum
2451 1581 2503 1624 s,
2550 1560 3009 1624 Bartholomei
3056 1561 3279 1641 (3os8).
3316 1560 3525 1635 Item
3594 1563 3832 1624 eodem
3888 1562 3997 1624 die
4050 1563 4188 1625 dno

993 1666 1176 1749 Regi
1215 1666 1298 1727 ad
1347 1666 1732 1746 prandium:
1781 1666 1940 1729 item
1988 1688 2109 1748 pro
2143 1668 2174 1729 I
2203 1670 2383 1730 boue
2431 1667 2654 1730 XXII
2694 1668 2879 1741 scoti,
2925 1668 3087 1731 item
3125 1688 3247 1749 pro
3284 1666 3386 1729 III
3424 1668 3840 1750 quartalibus
3886 1670 4185 1731 carnium

987 1773 1130 1834 XII
1177 1774 1361 1846 scoti,
1425 1773 1583 1835 item
1651 1794 1770 1855 pro
1817 1776 1953 1838 LX
2015 1775 2212 1857 pullis
2276 1774 2419 1837 XV
2466 1775 2651 1850 scoti,
2699 1776 2859 1838 item
2924 1795 3045 1857 pro
3114 1774 3181 1836 ΙΙ
3231 1774 3565 1838 'arietibus
3611 1775 3749 1837 VII
3793 1776 3980 1847 scoti.
4024 1776 4185 1839 item

988 1878 1088 1943 VI
1146 1900 1454 1961 capones
1519 1881 1800 1963 quilibet
1863 1902 2078 1964 cappo
2143 1903 2264 1965 per
2328 1882 2437 1963 1¹!2
2515 1903 2615 1966 gr.
2682 1882 2781 1944 IV
2820 1883 2987 1945 scoti
3034 1881 3065 1943 I
3113 1902 3212 1965 gr.
3276 1882 3437 1945 item
3500 1903 3623 1964 pro
3687 1883 3720 1946 I
3766 1903 3975 1964 perna
4020 1884 4187 1946 lardi

986 1988 1157 2050 VIII
1204 1988 1387 2062 scoti,
1451 1990 1612 2051 item
1678 2010 1801 2070 pro
1868 1991 2041 2052 lacte
2097 2002 2165 2052 et
2211 2010 2435 2053 crema
2482 1989 2584 2051 III
2650 1990 2833 2057 scoti.
2898 1990 3057 2051 item
3104 2010 3226 2071 pro
3290 1989 3595 2052 ducentis
3642 1989 3807 2051 owis
3854 1989 3955 2052 III
4003 1992 4186 2065 scoti,

985 2097 1141 2157 item
1190 2117 1312 2177 pro
1360 2095 1460 2157 IV
1509 2096 1691 2158 aucis
1739 2096 1806 2158 II
1852 2096 2036 2169 scoti,
2085 2097 2240 2158 item
2291 2117 2417 2178 pro
2464 2097 2529 2159 II
2578 2097 2729 2159 ollis
2775 2097 2973 2159 butiri
3021 2086 3319 2170 V’scoti‚
3365 2098 3524 2159 item
3592 2118 3715 2179 pro
3761 2096 3863 2160 VI
3912 2099 4186 2161 octuali-

984 2205 1110 2265 bus
1159 2203 1434 2266 ceruisie
1499 2204 1584 2265 de
1655 2202 1950 2265 Waessvlztz'a
1995 2224 2116 2286 per
2161 2202 2333 2266 VIII
2382 2224 2470 2268 se.
2517 2205 2629 2284 ΙΙΙ2
2688 2225 2849 2267 mar.

1198 2311 1368 2373 Item
1417 2312 1550 2371 dne
1599 2310 1872 2393 Regino
1937 2314 2021 2373 ad
2069 2311 2461 2392 prandium:
2526 2313 2685 2374 item
2753 2331 2877 2392 pro
2941 2311 2972 2372 I
3027 2312 3206 2373 boue
3270 2311 3519 2373 XVIII
3584 2313 3769 2387 scoti,
3834 2312 3991 2377 item
4058 2333 4185 2395 pro

983 2418 1184 2481 ariete
1231 2417 1334 2479 III
1379 2418 1560 2491 scoti,
1609 2418 1766 2479 item
1819 2438 1939 2499 pro
2006 2418 2138 2480 XL
2184 2419 2383 2500 pullis
2430 2419 2506 2481 X
2561 2418 2743 2493 scoti,
2806 2418 2967 2481 item
3014 2438 3139 2499 pro
3186 2418 3253 2479 ΙΙ
3301 2419 3667 2500 caponibus
3715 2419 3824 2499 1¹!ae
3882 2440 3972 2483 se.
4019 2420 4181 2483 item

980 2545 1102 2606 pro
1166 2526 1342 2588 lacte
1406 2536 1474 2587 et
1529 2545 1756 2587 crema
1811 2525 1913 2587 III
1960 2526 2145 2599 scoti,
2191 2526 2351 2588 item
2401 2546 2523 2608 pro
2569 2526 2727 2607 piris
2774 2537 2841 2589 et
2886 2526 3105 2607 pomis
3154 2524 3221 2587 II
3271 2528 3458 2600 scoti,
3503 2527 3663 2589 item
3728 2544 3851 2608 pro
3899 2527 3951 2590 C
4000 2547 4181 2589 owo-

979 2653 1128 2695 rum
1176 2632 1286 2712 1¹22
1344 2642 1506 2695 scot.
1551 2633 1710 2695 item
1759 2652 1880 2713 pro
1926 2632 1959 2693 Ι
2008 2634 2140 2695 olla
2185 2633 2386 2695 butiri
2432 2633 2535 2695 III
2584 2633 2766 2707 scoti,
2816 2633 2974 2696 item
3022 2653 3145 2713 pro
3192 2633 3261 2695 II
3328 2634 3509 2695 aucis
3565 2633 3596 2695 I
3644 2644 3805 2697 scot.
3852 2634 4011 2697 item
4058 2656 4182 2717 pro

979 2740 1046 2803 II
1093 2739 1350 2823 sug-illis
1398 2739 1508 2821 Ill„
1567 2750 1728 2803 scot.
1793 2740 1949 2803 item
2020 2760 2141 2821 pro
2205 2740 2308 2803 III
2374 2742 2749 2803 octualibus
2804 2739 3083 2803 ceruisie
3138 2742 3225 2803 de
3294 2738 3589 2803 lelt'ct'a
3634 2762 3756 2822 per
3802 2741 3973 2804 VIII
4016 2754 4181 2807 scot.

978 2845 1010 2907 I
1057 2865 1259 2909 mare.

1191 2954 1359 3016 Item
1411 2954 1560 3016 duci
1610 2951 2098 3038 Swidrgaloni:
2146 2954 2303 3017 item
2351 2976 2475 3037 pro
2511 2955 2544 3016 Ι
2592 2974 2835 3037 pecore
2875 2954 3122 3018 XVIII
3172 2956 3355 3029 scoti,
3402 2956 3557 3019 item
3598 2977 3719 3038 pro
3759 2957 3827 3019 II
3864 2957 4182 3021 arietibus

980 3060 1112 3124 VII
1159 3061 1344 3135 scoti,
1391 3060 1548 3123 item
1589 3060 1711 3141 pro
1750 3061 1977 3124 XXX
2016 3062 2214 3144 pullis
2252 3061 2467 3141 VII¹J2
2528 3074 2689 3125 scot.
2737 3063 2895 3125 item
2944 3083 3067 3145 pro
3115 3062 3182 3125 II
3232 3063 3413 3125 aucis
3459 3063 3495 3125 I
3540 3074 3701 3127 scot.
3748 3066 3905 3127 item
3953 3085 4078 3148 pro
4124 3066 4177 3128 C

975 3189 1276 3231 oworum
1326 3168 1436 3247 I¹l2
1494 3179 1657 3231 scot.
1705 3168 1862 3231 item
1913 3189 2033 3251 pro
2080 3170 2113 3231 I
2159 3170 2292 3231 olla
2338 3169 2533 3232 butiri
2582 3169 2648 3231 II
2696 3171 2877 3245 scoti,
2926 3170 3085 3232 item
3152 3190 3275 3251 pro
3343 3169 3411 3231 II
3458 3171 3836 3233 octualibus
3898 3174 4178 3236 ceruisie

974 3276 1119 3338 XII
1165 3277 1349 3339 scoti.

1188 3383 1358 3445 Item
1409 3384 1564 3445 duci
1629 3382 2036 3447 Semisconi:
2113 3382 2271 3446 item
2342 3403 2464 3465 pro
2530 3383 2562 3445 I
2608 3384 2893 3466 quartali
2958 3386 3042 3445 de
3108 3385 3423 3448 carnibus
3468 3384 3569 3446 IV
3618 3386 3801 3460 scoti,
3846 3386 4005 3449 item
4052 3408 4175 3470 pro

975 3490 1123 3553 XX
1171 3491 1368 3570 pullis
1415 3491 1482 3552 V
1531 3491 1714 3565 scoti,
1760 3490 1918 3554 item
1967 3509 2089 3572 pro
2136 3491 2340 3554 ariete
2387 3492 2487 3554 VI
2538 3492 2725 3565 scoti,
2772 3492 2929 3553 item
2975 3512 3099 3573 pro
3148 3490 3179 3553 I
3228 3492 3473 3555 octuali
3520 3493 3797 3557 ceruisie
3842 3492 3938 3556 VI
3986 3495 4171 3559 scoti.

1186 3596 1354 3659 Item
1405 3597 1562 3663 duci
1611 3598 1928 3661 Bolconi:
1973 3600 2130 3660 item
2179 3618 2305 3679 pro
2352 3598 2383 3659 I
2422 3598 3049 3681 quartali-carnium
3090 3596 3189 3659 IV
3230 3599 3413 3673 scoti,
3455 3600 3613 3661 item
3654 3620 3775 3681 pro
3806 3600 3948 3663 XII
3976 3602 4173 3682 pullis

973 3704 1073 3765 III
1121 3705 1304 3780 scoti,
1350 3705 1509 3767 item
1558 3726 1679 3788 pro
1725 3705 1932 3767 ariete
1980 3705 2082 3767 III
2128 3706 2315 3779 scoti,
2363 3706 2519 3767 item
2569 3727 2691 3787 pro
2740 3706 2769 3767 I
2818 3707 3062 3769 octuali
3109 3706 3385 3769 ceruisie
3431 3705 3535 3769 VI
3579 3710 3762 3771 scoti.

1182 3811 1354 3874 Item
1404 3812 1559 3874 duci
1605 3810 2044 3894 Sigismundo
2091 3832 2246 3875 cum
2297 3812 2525 3877 Graba
2581 3813 2786 3894 ipsius
2832 3812 3052 3875 socio:
3116 3813 3275 3876 item
3342 3834 3463 3895 pro
3511 3816 3796 3897 quat-tali
3860 3816 4169 3879 carnibus

970 3916 1070 3981 III
1117 3919 1299 3993 scoti,
1349 3918 1504 3981 item
1554 3938 1677 3999 pro
1726 3918 1828 3980 VI
1875 3918 2074 4000 pullis
2121 3919 2229 4000 1¹!²
2288 3930 2452 3984 scot.
2500 3920 2655 3983 item
2704 3940 2827 4002 pro
2886 3920 2949 4001 ’βξ
3010 3920 3253 3983 octuali
3300 3914 3579 3985 ceruisie
3631 3923 3733 3986 III
3780 3924 3963 3987 scoti.

1182 4025 1352 4088 Item
1400 4027 1537 4088 dno
1583 4026 2013 4089 marsalconi:
2067 4026 2224 4089 item
2275 4048 2398 4108 pro
2446 4027 2512 4089 II
2559 4027 2974 4109 quartalibus
3022 4028 3320 4090 carnium
3371 4027 3542 4091 VIII
3598 4030 3783 4103 scoti,
3841 4031 3999 4094 item
4046 4052 4168 4113 pro

969 4131 1110 4193 XII
1149 4132 1346 4213 pullis
1393 4133 1495 4194 III
1541 4133 1725 4205 scoti,
1770 4133 1929 4195 item
1978 4154 2100 4214 pro
2149 4134 2355 4197 ariete
2396 4133 2493 4195 VI
2542 4154 2643 4217 gr.
2687 4134 2846 4197 item
2896 4154 3019 4215 pro
3065 4134 3098 4195 Ι
3146 4134 3389 4197 octuali
3428 4136 3702 4199 ceruisie
3749 4136 3849 4199 VI
3896 4138 4081 4202 scoti.

1182 4238 1350 4301 Item
1398 4241 1535 4302 dno
1581 4240 1863 4303 Nicolao
1911 4241 2461 4305 vicecancellario
2506 4241 2621 4303 dni
2670 4241 2926 4324 Regis:
2992 4243 3151 4305 item
3200 4264 3321 4325 pro
3370 4242 3439 4304 11
3489 4244 3901 4324 quartalibus
3958 4247 4162 4309 carni·

965 4346 1094 4407 bus
1139 4345 1276 4408 VII
1323 4346 1507 4420 scoti,
1554 4347 1713 4410 item
1761 4368 1884 4429 pro
1931 4347 2076 4410 XII
2127 4350 2324 4429 pullis
2372 4348 2472 4410 III
2520 4348 2703 4421 scoti,
2750 4349 2909 4411 item
2959 4370 3083 4431 pro
3129 4350 3333 4411 ariete
3382 4350 3484 4411 IV
3530 4351 3715 4425 scoti,
3760 4352 3919 4415 item
3967 4372 4093 4434 pro
4133 4353 4164 4415 I

965 4452 1212 4519 octuali
1260 4453 1537 4516 ceruisie
1584 4453 1687 4517 VI
1732 4454 1920 4519 scoti.
3590 4475 3595 4479 ·

1179 4559 1350 4621 Item
1399 4560 1766 4625 falconistis
1813 4582 1966 4625 cum
2015 4562 2254 4625 ceteris
2304 4562 2643 4625 Ruthenis
2690 4574 2756 4627 ot
2806 4562 3075 4641 Polonis
3114 4584 3315 4645 super
3352 4564 3559 4638 diaria
3604 4564 3899 4648 ipsorum
3946 4576 4015 4630 et
4058 4588 4160 4630 su·

963 4686 1086 4747 per
1130 4665 1430 4730 falcones
1475 4670 1915 4750 exponendo:
1981 4669 2140 4732 item
2201 4690 2324 4750 pro
2382 4670 2447 4732 II
2505 4670 2877 4752 pecoribus,
2945 4671 3224 4753 quilibet
3288 4693 3499 4753 pecus
3545 4693 3664 4754 per
3710 4673 3957 4739 XVIII
4004 4686 4161 4739 scot.

963 4773 1072 4854 I¹l²
1132 4794 1292 4837 mar.
1339 4774 1498 4837 item
1546 4795 1669 4856 pro
1716 4775 1841 4837 LX
1894 4775 2092 4855 pullis
2139 4775 2214 4839 X
2259 4777 2446 4849 scoti,
2512 4776 2689 4840 item·
2740 4798 2863 4859 pro
2909 4778 2975 4840 II
3024 4778 3340 4842 arietibus
3390 4780 3524 4842 VII
3590 4782 3774 4856 scoti,
3838 4782 3997 4845 item
4044 4804 4162 4865 pro

962 4880 1184 4943 XXX
1237 4882 1436 4963 pullis
1479 4902 1685 4965 super
1727 4881 2027 4945 falcones
2091 4882 2469 4964 specialiter
2512 4884 2652 4950 VII
2667 4886 2729 4965 ¹s2
2806 4885 2988 4958 scoti,
3054 4886 3215 4949 item
3262 4907 3386 4968 pro
3436 4886 3539 4949 III
3604 4889 3978 4953 octualibus
4024 4911 4160 4953 cer-

961 4987 1142 5061 uisie‚
1190 4989 1538 5071 quodlibet
1575 4990 1840 5053 octuale
1882 5009 2002 5071 per
2051 4988 2149 5051 VI
2197 5002 2359 5053 scot.
2409 4990 2603 5054 Noue
2650 4981 2951 5067 ciuitatis}
2998 4993 3248 5055 XVIII
3294 4996 3479 5058 scoti.

1175 5096 1345 5157 Item
1393 5098 1531 5161 dno
1580 5097 1766 5181 Regi
1811 5098 1897 5161 ad
1947 5116 2220 5160 cenam:
2267 5098 2427 5161 item
2476 5118 2597 5181 pro
2644 5099 2677 5161 I
2724 5101 2901 5162 boue
2939 5100 2970 5162 I
3010 5120 3169 5163 mar.
3208 5100 3367 5164 item
3406 5122 3529 5183 pro
3569 5101 3637 5165 II
3674 5102 3989 5167 arietibus
4027 5104 4159 5171 VII

961 5202 1146 5277 scoti,
1175 5202 1334 5265 item
1364 5223 1488 5284 pro
1517 5203 1650 5266 LX
1677 5204 1876 5285 pullis
1913 5203 2055 5267 XV
2086 5206 2268 5277 scoti,
2301 5206 2459 5267 item
2490 5226 2613 5287 pro
2642 5205 2743 5269 IV
2774 5207 2957 5269 aucis
2985 5208 3051 5268 II
3079 5207 3263 5282 scoti,
3293 5208 3449 5271 item
3482 5210 3582 5271 VI
3620 5232 3978 5294 capponeS,
4021 5215 4158 5296 qui—

961 5309 1122 5372 libet
1169 5331 1291 5391 per
1337 5310 1449 5391 I¹l2
1506 5331 1604 5393 gr.
1651 5310 1809 5374 facit
1829 5344 1832 5347 ⁴
1854 5310 1956 5373 IV
2001 5320 2165 5375 scot.
2231 5311 2263 5373 I
2312 5332 2410 5395 gr.
2458 5312 2615 5375 item
2682 5334 2807 5396 pro
2871 5314 3174 5377 ducentis
3241 5316 3407 5387 owis
3454 5317 3555 5379 III
3601 5319 3785 5391 scoti,
3832 5319 3989 5382 item
4038 5341 4158 5403 pro

960 5417 1134 5480 lacte
1181 5427 1251 5480 et
1297 5437 1522 5481 crema
1571 5419 1637 5481 II
1687 5419 1872 5493 scoti,
1937 5419 2096 5482 item
2161 5439 2285 5501 pro
2332 5418 2364 5480 I
2410 5440 2620 5501 perna
2684 5421 2850 5485 lardi
2896 5420 2997 5483 V-I
3044 5422 3230 5495 scoti,
3294 5422 3451 5485 item
3515 5445 3637 5506 pro
3684 5424 3717 5486 I
3764 5426 3897 5489 olla
3960 5427 4159 5491 butiri

957 5524 1028 5587 II
1073 5526 1258 5600 scoti,
1303 5526 1462 5589 item
1510 5546 1634 5609 pro
1682 5526 1826 5589 XII
1877 5527 2090 5591 caseis
2137 5526 2248 5605 I¹l2
2308 5536 2468 5590 scot.
2514 5528 2675 5591 item
2722 5548 2845 5610 pro
2892 5527 2959 5590 II
3005 5528 3267 5613 sugillis
3313 5530 3435 5611 I¹s2·
3479 5542 3641 5595 scot.
3689 5532 3849 5595 item
3895 5554 4023 5615 pro
4058 5533 4156 5599 Vl

954 5633 1329 5697 octualibus
1382 5634 1678 5709 ceruisie,
1723 5636 2068 5719 quodlibet
2112 5636 2377 5698 octuale
2422 5654 2545 5717 per
2592 5634 2693 5699 VI
2738 5644 2899 5699 scot.
2947 5634 3055 5719 11],Ι
3119 5654 3283 5699 mar.
