4592 6559
955 485 1077 551 218
1735 497 2114 566 REJESTRA
2161 495 2747 550 PODSKARMEGO
2796 493 3128 548 Hmczm.
3188 499 3369 564 1395·

949 703 1108 766 item
1158 722 1280 784 pro
1327 703 1678 765 addicione
1725 723 1928 784 supra
1989 713 2252 764 stamen
2320 702 2522 783 panni
2588 699 2784 762 flauei
2849 703 2935 762 de
3002 701 3322 762 thezauro
3387 698 3637 780 recepti
3686 717 3807 779 pro
3854 693 4139 760 stamine

951 810 1164 893 nigr0,
1210 810 1368 892 quia
1415 810 1698 890 pecunia
1763 821 1924 872 tunc
1989 809 2311 891 temporis
2375 829 2511 871 non
2576 807 2701 870 fuit
2764 808 2829 869 in
2896 808 3219 870 thezauro
3282 807 3367 870 ad
3416 807 3777 869 emendum
3844 823 4145 887 pannum

951 917 1238 1000 nigrum,
1286 938 1420 999 quo
1468 928 1630 980 tunc
1678 937 1940 979 summe
1986 916 2108 979 fuit
2155 917 2625 989 necessarium,
2662 915 2732 977 II
2770 935 2973 978 mare.

947 1025 1104 1086 item
1155 1045 1278 1108 pro
1325 1025 1520 1108 nigra
1565 1026 1730 1087 sella
1796 1025 1907 1088 dni
1958 1025 2178 1109 Regis
2244 1027 2331 1088 ad
2395 1024 2921 1088 conuencionem
2990 1021 3356 1104 predictam
3404 1021 3471 1084 in
3517 1019 3817 1084 Sandecz
3863 1019 3895 1081 I
3945 1039 4143 1083 marc.

947 1132 1104 1194 item
1155 1153 1277 1212 pro
1325 1132 1468 1194 XII
1517 1130 1720 1194 frenis
1767 1153 1970 1213 super
2017 1153 2229 1215 equos
2277 1132 2553 1195 vectiles
2602 1132 2631 1192 Ι
2680 1151 2880 1193 mare.

945 1239 1102 1301 item
1151 1259 1274 1320 pro
1321 1240 1540 1302 cisura
1586 1240 1757 1302 cutis
1803 1243 1986 1302 tura-e
2031 1250 2098 1302 et
2145 1239 2547 1304 consucione
2595 1240 2907 1301 redarum
2954 1237 3127 1300 VIII
3174 1257 3274 1320 gr.

946 1346 1106 1409 item
1154 1346 1318 1410 feria
1365 1347 1464 1409 IV
1513 1348 1822 1429 proxime
1889 1348 2196 1429 sequenti
2261 1358 2414 1430 post
2478 1345 3028 1410 Purificacionem
3096 1367 3144 1407 5.
3194 1344 3406 1406 Marie
3470 1342 3770 1427 Virginis
3818 1341 3974 1424 (3l2)
4022 1362 4143 1422 pro

945 1474 1121 1536 equo
1169 1474 1324 1516 ereo
1373 1456 1458 1516 ad
1506 1455 1868 1518 lauandum
1918 1455 2054 1517 dno
2105 1455 2290 1538 Regi
2338 1455 2369 1516 Ι
2416 1475 2648 1536 sexag.

945 1561 1104 1622 item
1154 1581 1276 1642 pro
1326 1561 1426 1623 IV
1473 1561 1744 1642 paribus
1789 1572 2163 1642 streparum
2211 1563 2368 1625 noui
2416 1573 2483 1624 et
2529 1561 2774 1624 insoliti
2822 1562 3001 1624 modi
3048 1562 3185 1623 dno
3234 1559 3419 1642 Regi
3466 1560 3552 1621 ad
3598 1557 4143 1629 conuencionem,

945 1668 1295 1750 quodlibet
1341 1688 1465 1750 par
1508 1668 1895 1750 recipiendo
1941 1690 2062 1751 per
2109 1667 2250 1730 XV
2300 1689 2401 1751 gr.
2448 1689 2712 1731 summa
2757 1668 2914 1732 facit
2962 1669 2993 1730 Ι
3040 1688 3277 1748 sexag.

943 1776 1100 1837 item
1149 1795 1272 1857 pro
1320 1775 1387 1838 II
1434 1776 1704 1856 paribus
1751 1786 2124 1858 streparum
2175 1775 2697 1859 denigratarum‚
2744 1774 3127 1857 recipiendo
3172 1774 3521 1856 quodlibet
3566 1793 3690 1856 par
3725 1793 3845 1855 per
3892 1770 3993 1833 VI
4042 1790 4140 1854 gr.

943 1903 1206 1944 summa
1250 1883 1409 1947 facit
1458 1884 1489 1946 Ι
1536 1884 1678 1946 fert.

941 1990 1096 2052 item
1144 2011 1268 2073 pro
1317 1990 1382 2053 ΙΙ
1431 1991 1704 2072 paribus
1750 1991 2104 2054 calcarium
2155 1991 2313 2053 noui
2360 1991 2541 2054 modi
2590 2011 2711 2072 pro
2759 1991 2895 2052 dno
2934 1991 3155 2072 Rege,
3202 1990 3548 2072 quodlibet
3594 2009 3715 2070 par
3760 1985 4139 2068 recipiendo

939 2118 1062 2178 per
1109 2097 1250 2159 XV
1299 2120 1397 2182 gr.
1445 2119 1710 2161 summa
1755 2098 1914 2161 facit
1972 2099 2032 2178 3¹2
2091 2119 2326 2180 sexag.

940 2204 1098 2266 item
1146 2225 1268 2287 pro
1315 2205 1382 2268 II
1429 2205 1700 2288 paribus
1747 2205 2105 2268 calcarium
2154 2205 2679 2290 denigratorum,
2737 2205 3118 2287 recipiendo
3165 2205 3512 2287 quodlibet
3557 2225 3679 2286 par
3724 2223 3845 2285 per
3890 2201 3993 2263 VI
4040 2222 4139 2284 gr.

939 2331 1202 2374 summa
1247 2311 1405 2375 facit
1450 2313 1484 2374 Ι
1531 2311 1675 2376 fert.

1155 2417 1438 2484 Summa
1483 2419 1655 2482 VIII
1703 2440 1903 2484 marc.
1950 2421 2058 2482 IX
2108 2441 2199 2484 sc.

1153 2527 1326 2590 Item
1376 2547 1497 2609 pro
1543 2526 1611 2588 V
1659 2528 1968 2590 crucibus
2012 2527 2259 2609 ponitis
2306 2527 2371 2590 in
2412 2526 2741 2592 frontibus
2788 2529 3166 2610 spadonum
3213 2527 3543 2611 regalium
3590 2527 3867 2611 ligando
3912 2527 3946 2588 Ι
3993 2525 4135 2589 fert.

937 2633 1096 2696 item
1145 2655 1270 2717 pro
1317 2635 1446 2697 alia
1493 2636 1658 2696 sella
1705 2636 1819 2697 dni
1868 2634 2090 2719 Regis
2137 2637 2223 2698 ad
2270 2635 2795 2698 conuencionem
2847 2635 3213 2717 predictam
3261 2635 3294 2697 Ι
3345 2655 3542 2697 mare.

940 2741 1098 2804 item
1146 2762 1268 2824 pro
1316 2741 1651 2805 bibalibus
1695 2742 1962 2805 famulis
2010 2741 2463 2824 predictorum
2514 2740 2843 2806 artificum
2892 2742 2993 2805 IV
3040 2764 3142 2826 gr.

938 2848 1094 2910 item
1144 2870 1266 2930 pro
1314 2848 1418 2912 III
1483 2849 1744 2913 birretis
1811 2849 2018 2932 nigris
2084 2851 2199 2912 dni
2265 2850 2489 2933 Regis
2552 2852 2640 2914 ad
2704 2849 3236 2914 conuencionem
3302 2849 3687 2933 predictam,
3754 2849 4137 2932 recipiendo

937 2957 1307 3038 quamlibet
1353 2977 1472 3038 per
1520 2957 1660 3018 XV
1709 2978 1798 3020 se.
1846 2979 2111 3020 summa
2159 2957 2190 3020 I
2239 2977 2439 3022 marc.
2489 2957 2676 3020 XXI
2724 2978 2814 3021 sc.

936 3063 1097 3126 item
1147 3084 1267 3145 pro
1314 3064 1588 3127 tecturis
1636 3084 1954 3128 curruum
2001 3065 2193 3129 dictis
2227 3064 2479 3151 palubz‘
2514 3068 2600 3129 ad
2639 3085 2888 3138 currus,
2936 3067 3001 3128 in
3041 3066 3286 3147 quibus
3324 3065 3699 3130 necessaria
3736 3065 3801 3127 in
3838 3063 4139 3128 Sandecz

936 3171 1138 3233 ducta
1183 3182 1340 3234 sunt
1387 3175 1472 3234 ad
1519 3173 2044 3235 conuencionem
2096 3172 2231 3235 VII
2278 3195 2377 3257 gr.

936 3278 1095 3340 item
1143 3299 1265 3360 pro
1315 3279 1446 3340 LX
1494 3279 1668 3342 vlnis
1713 3280 1844 3342 tele
1892 3282 2069 3343 bone
2117 3283 2205 3344 ad
2253 3281 2593 3356 mensalia,
2640 3281 2974 3354 nastilcaS,
3041 3280 3414 3344 manuteria
3460 3281 3545 3342 ad
3592 3280 4136 3351 conuencionem,
4158 3358 4177 3370 ν

934 3385 1314 3468 recipiendo
1365 3389 1590 3449 vlnam
1639 3407 1759 3468 per
1808 3387 1872 3447 V
1919 3408 2020 3470 gr.
2067 3407 2332 3451 summa
2378 3388 2537 3452 facit
2582 3387 2719 3450 VII
2768 3409 2969 3452 mare.
3015 3387 3119 3449 IV
3167 3408 3266 3470 gr.

935 3491 1094 3555 item
1143 3513 1265 3574 pro
1312 3493 1791 3578 denigracione
1839 3493 1975 3555 VII
2041 3504 2449 3559 tecturarum
2516 3514 2829 3559 curruum
2897 3505 2965 3558 et
3027 3494 3285 3557 XXVI
3332 3493 3707 3558 tunicarum
3756 3504 3824 3557 et
3871 3493 4137 3557 tentorii

933 3600 1090 3662 dicti
1136 3600 1320 3663 iacca
1365 3620 1490 3682 pro
1537 3611 1679 3663 toto
1727 3601 1926 3663 simul
1972 3599 2074 3663 IV
2121 3622 2321 3665 marc.
2371 3601 2542 3664 VIII
2589 3623 2680 3666 50.

932 3707 1093 3770 item
1143 3728 1265 3789 pro
1311 3717 1570 3772 sartura
1617 3709 2064 3791 predictarum
2113 3709 2489 3774 tunicarum
2547 3710 2913 3774 sartoribus
2959 3709 3025 3772 in
3074 3709 3359 3782 ciuitate,
3406 3707 3562 3790 quia
3606 3717 3896 3770 sartores
3942 3726 4135 3790 rega-

937 3817 1036 3877 les
1085 3836 1202 3898 per
1247 3815 1414 3879 alios
1459 3817 1725 3880 labores
1771 3817 2096 3899 occupati,
2144 3817 2377 3880 sartire
2424 3837 2539 3879 eas
2584 3836 2719 3880 non
2766 3827 3147 3899 potuerunt,
3193 3816 3226 3878 Ι
3274 3836 3475 3880 marc.
3525 3813 3667 3878 XV
3714 3835 3805 3878 sc.

937 3923 1096 3984 item
1145 3944 1267 4005 pro
1316 3923 1716 3987 consucione
1765 3925 2161 3988 mensalium
2209 3937 2278 3988 et
2323 3924 2842 3988 manuteriorum
2896 3923 3064 3985 VIII
3112 3944 3209 4006 gr.

938 4031 1098 4093 item
1146 4050 1266 4113 pro
1312 4029 1415 4092 IV
1462 4032 1624 4095 rotis
1671 4033 1758 4095 ad
1804 4052 2071 4096 currum
2121 4033 2414 4096 thezauri
2462 4031 2639 4094 XIV
2684 4051 2774 4095 sc.

939 4139 1097 4200 item
1149 4159 1270 4219 pro
1317 4138 1384 4200 II
1430 4139 1763 4222 lapidibus
1810 4140 2188 4222 smigmatis
2234 4141 2323 4202 ad
2370 4138 2549 4203 viam
2596 4137 2775 4201 XIV
2823 4158 2911 4202 se.

939 4246 1097 4308 item
1147 4265 1268 4327 pro
1314 4247 1574 4328 perulla
1620 4247 1918 4329 predicto
1965 4247 2307 4330 smigmati
2354 4245 2386 4309 I
2433 4267 2532 4330 gr.

938 4354 1097 4414 item
1145 4372 1268 4434 pro
1313 4353 1418 4414 III
1467 4354 1662 4434 pullis
1727 4355 1812 4416 ad
1859 4353 2316 4436 recipiendum
2382 4365 2707 4427 cantaros,
2775 4372 3043 4426 cornua,
3108 4352 3443 4426 scutellaS,
3508 4371 3758 4434 cupcos
3824 4361 3893 4414 et
3956 4350 4137 4412 aliud

939 4471 1296 4544 argentum
1343 4462 1431 4523 ad
1477 4461 2004 4524 conuencionem
2051 4461 2153 4525 ΠΙ
2201 4482 2301 4546 gr.

1152 4567 1435 4631 Summa
1480 4567 1693 4631 XVII
1741 4588 1942 4632 marc.
1989 4568 2090 4630 ΙΙΙ
2137 4567 2281 4632 fert.
2330 4568 2431 4631 ΙΙΙ
2480 4589 2579 4652 gr.

1150 4675 1321 4738 Item
1369 4695 1493 4758 pro
1538 4674 2021 4739 reformacione
2067 4676 2247 4750 ciste,
2292 4676 2359 4738 in
2407 4696 2543 4758 qua
2588 4676 2840 4738 lumina
2884 4685 3242 4738 seruantur
3287 4673 3387 4737 IV
3438 4693 3539 4758 gr.

939 4783 1095 4846 item
1145 4803 1265 4863 pro
1311 4782 1388 4845 II·
1420 4781 1598 4846 cistis
1635 4782 1812 4846 ferro
1849 4784 2023 4844 bene
2063 4781 2507 4856 circumdatiS,
2546 4784 2631 4845 ad
2670 4783 3073 4846 vestimenta
3109 4781 3366 4864 regalia
3400 4782 3737 4844 seruanda
3774 4781 3885 4862 Ill2
3936 4799 4135 4843 marc.

936 4892 1097 4955 item
1119 4910 1272 4970 pro,
1309 4890 1380 4955 ΙΙ
1424 4890 1845 4954 candelabris
1891 4891 1978 4952 ad
2023 4891 2373 4953 thezauros
2418 4889 2527 4952 XI
2576 4910 2675 4976 gr.

935 4998 1094 5060 item
1143 5017 1264 5078 pro
1312 4997 1344 5059 I
1391 4995 1526 5060 folli
1577 4999 1666 5060 ad
1711 4995 2262 5060 reformacionem
2313 4997 2583 5060 alterius
2638 4997 2810 5060 VIII
2857 5018 2956 5080 gr.

938 5105 1096 5166 item
1147 5124 1267 5185 pro
1314 5103 1738 5168 licuminibus
1785 5105 1874 5167 ad
1921 5103 2447 5166 conuencionem
2494 5103 2777 5186 receptis
2823 5103 2993 5166 VIII
3043 5124 3142 5188 gr.

936 5211 1095 5273 item
1143 5231 1264 5292 pro
1313 5211 1600 5276 LXXX
1659 5211 1832 5276 vlnis
1896 5211 2320 5295 cingularum
2387 5213 2474 5274 ad
2537 5212 2789 5274 iatham
2856 5211 3031 5276 circa
3094 5212 3447 5274 thezauros
3512 5210 3803 5274 distendi
3866 5210 4131 5274 solitam

937 5318 1048 5380 IX
1093 5339 1182 5381 se.

935 5427 1092 5488 item
1143 5445 1264 5507 pro
1319 5425 1380 5484 V
1385 5425 1450 5487 II
1495 5425 1785 5490 flasculis
1851 5425 2080 5490 ferreis
2127 5426 2456 5489 dealbatis
2504 5436 2571 5488 et
2616 5447 2739 5509 pro
2804 5425 3065 5490 ducillis
3130 5427 3215 5488 de
3280 5425 3566 5508 corrigio
3612 5424 3805 5488 factis
3852 5424 3883 5487 Ι
3933 5445 4133 5489 marc.

937 5531 1156 5594 XXII
1203 5553 1290 5596 se.

933 5639 1091 5702 item
1139 5661 1261 5722 pro
1309 5641 1594 5724 cingulis
1641 5653 1708 5704 et
1753 5641 2042 5704 fei-uncis
2091 5642 2178 5704 ad
2222 5641 2559 5722 predictos
2604 5639 2917 5706 flasculos
2962 5639 3075 5703 IX
3118 5661 3211 5704 50.
