4592 6559
953 472 1034 529 68
1490 480 1868 543 REJESTRA
1917 479 2430 541 PODRzEcrwA
2480 466 3137 528 KORCZYNSKIEGO.
3198 486 3378 545 1390,
3436 469 3617 541 1388·

1165 680 1521 743 Dominica
1568 680 1856 763 Spiritus
1903 679 2172 742 Domini
2221 680 2423 761 (2215)
2474 680 2749 741 canibus
2796 679 3107 760 predictis
3172 700 3295 761 pro
3360 689 3503 741 tota
3568 680 3805 760 septim
3856 680 3990 742 VII
4035 682 4155 742 tal.

1167 787 1522 850 Dominica
1569 788 1936 851 Benedicta
1986 786 2184 871 (2915)
2235 787 2513 851 canibus
2558 787 2869 867 predictis
2914 807 3037 867 pro
3083 796 3227 849 tota
3272 786 3645 869 septimana
3690 786 3827 849 VII
3877 789 3989 850 tal.

1169 896 1522 958 Dominica
1578 896 1869 958 Domine
1927 896 1992 957 in
2060 906 2174 957 tua
2239 894 2691 956 misericordia
2756 894 2909 974 (5l6)
2938 890 2978 974 ¹)
3044 894 3323 957 canibus
3388 915 3510 976 pro
3574 904 3716 957 tota
3779 895 4159 975 septimana

954 1003 1020 1063 V
1027 1003 1090 1065 II
1141 1005 1248 1065 tal.

1165 1110 1519 1172 Dominica
1567 1110 1814 1172 Factus
1860 1120 1960 1171 est
2009 1109 2208 1189 (1216)
2259 1130 2380 1189 pro
2426 1120 2567 1169 tota
2614 1109 2985 1189 septimana
3033 1110 3313 1171 canibus
3356 1108 3669 1190 predictis
3715 1108 3852 1169 VII
3900 1111 4007 1171 tal.

1172 1218 1522 1279 Dominica
1569 1218 1863 1299 Respice.
1913 1217 2112 1301 (1916)
2163 1237 2284 1298 pro
2332 1226 2475 1277 tota
2520 1217 2893 1297 septimana
2939 1217 3216 1279 canibus
3261 1215 3575 1296 predictis
3622 1215 3757 1278 VII
3802 1217 3911 1279 tal.

1169 1326 1285 1387 Ab
1333 1325 1822 1387 intromissione
1869 1345 2080 1407 vsque
2126 1325 2305 1385 hunc
2352 1323 2597 1385 LXXI
2643 1323 2839 1406 lapid.
2904 1334 3059 1385 sunt
3124 1323 3473 1386 distributa
3540 1344 3672 1385 non
3738 1324 3937 1405 plene
3981 1323 4160 1387 infra

955 1435 1124 1497 duos
1172 1452 1400 1495 annos

2374 1678 2749 1779 (1388)

1168 1859 1558 1941 Sequuntur
1624 1860 1989 1922 distributa
2053 1863 2343 1939 pecunie
2409 1879 2615 1939 super
2679 1861 2951 1923 labores
3016 1863 3279 1939 regales
3346 1861 3411 1922 in
3477 1871 3697 1924 castro
3772 1859 4039 1925 Corczz'n
4088 1872 4159 1923 et

955 1968 1255 2031 districtu
1304 1967 1461 2033 eius.
1508 1977 1707 2048 prout
1752 1966 2008 2047 patebit
2055 1966 2226 2029 infra
2271 1969 2396 2029 sub
2446 1987 2621 2029 anno
2668 1966 2850 2049 prius
2897 1968 3144 2048 scripto
3194 1978 3260 2030 et
3306 1969 3539 2049 prim0.

1169 2075 1526 2137 Dominico
1575 2074 1680 2135 die
1729 2073 1794 2134 in
1845 2073 2134 2135 crastino
2200 2098 2249 2137 s.
2291 2074 2525 2154 Jacobi
2573 2095 2676 2156 ap.
2728 2075 2929 2156 (26s7)
2996 2095 3119 2156 pro
3169 2075 3270 2138 IV
3338 2076 3703 2137 molaribus
3767 2078 3853 2139 ad
3902 2080 4156 2140 molen-

956 2183 1110 2246 dina
1157 2183 1354 2245 castri
1401 2181 1883 2244 Noueciuitatis
1932 2181 1997 2241 in
2055 2178 2361 2243 Chancz'n
2408 2182 2667 2263 emptiS.
2712 2202 2837 2263 pro
2883 2192 3071 2263 parte
3116 2184 3330 2267 regali
3379 2183 3445 2245 II
3492 2204 3691 2246 marc.

1171 2290 1301 2351 Pro
1347 2288 1828 2350 reformacione
1875 2287 2377 2351 serimentorum
2428 2290 2515 2350 ad
2561 2288 2861 2369 predicta
2905 2289 3289 2353 molendina
3333 2311 3456 2371 pro
3503 2300 3693 2372 parte
3740 2292 3969 2375 regali,
4016 2312 4157 2353 mo-

956 2396 1386 2460 lendinatoris
1432 2406 1624 2477 parte
1671 2397 1967 2468 exclusa,
2014 2394 2115 2456 VI
2163 2407 2323 2457 scot.
3047 2462 3056 2470 ,

1171 2504 1305 2565 Pro
1345 2503 1410 2565 II
1449 2502 1846 2566 staminibus
1884 2502 2088 2583 panni
2129 2502 2329 2587 grisei
2370 2504 2609 2566 coloris
2648 2506 2735 2566 ad
2774 2504 3187 2569 vestiendam
3226 2504 3541 2569 familiam
3583 2506 3781 2569 castri
3819 2507 3884 2568 in
3914 2517 4159 2570 octaua

956 2632 1004 2674 S.
1055 2611 1325 2673 Martini
1375 2610 1620 2695 (18111)
1669 2610 1737 2672 ΙΙ
1785 2631 1984 2673 mare.
2033 2610 2209 2673 XVI
2258 2622 2422 2674 scot.

1169 2720 1303 2781 Pro
1351 2728 1613 2781 sartura
1658 2719 2112 2800 predictorum
2160 2719 2711 2781 vestimentorum
2761 2732 3039 2783 castren.
3089 2730 3212 2784 ete.
3265 2720 3433 2783 VIII
3480 2733 3641 2783 scot.

1170 2828 1302 2890 Pro
1350 2828 1663 2889 mercede
1711 2826 1990 2889 Andree
2039 2826 2226 2911 vig-ili
2274 2827 2473 2889 castri
2520 2848 2643 2909 pro
2708 2827 2878 2890 binis
2944 2828 3665 2911 Quatuortemporibus
3720 2830 3787 2891 in
3844 2830 4071 2913 vigilia
4108 2851 4158 2892 S.

958 2936 1214 2998 'I'home
1253 2956 1356 3017 ap.
1405 2932 1652 3018 (20112)
1701 2944 1857 2997 ante
1905 2933 2341 2997 Nativitatem
2394 2934 2588 2997 Cristi
2640 2936 2779 2997 XII
2828 2948 2991 2998 scot.

1171 3043 1303 3105 Pro
1352 3043 1663 3104 mercede
1711 3040 2121 3104 Swanchoni
2171 3042 2356 3124 vigili
2405 3043 2702 3105 similiter
2743 3041 2884 3105 XII
2928 3054 3090 3107 scot.

1170 3150 1304 3213 Pro
1351 3151 1662 3212 mercede
1709 3150 2064 3230 portulano
2103 3150 2204 3229 J0.
2251 3149 2550 3212 similiter
2598 3150 2739 3212 XII
2788 3162 2949 3213 scot.

1175 3258 1306 3321 Pro
1335 3258 1644 3320 mercede
1675 3276 1893 3339 quoco
1925 3260 1996 3335 (s)
2018 3267 2086 3319 et
2104 3257 2334 3339 pistori
2353 3257 2652 3319 similiter
2672 3258 2780 3319 IX
2803 3270 2962 3321 scot.
2986 3270 3051 3322 et
3071 3258 3240 3323 VIII
3272 3263 3465 3323 vlnas
3494 3260 3696 3343 panni
3726 3260 3910 3341 prius
3938 3262 4161 3343 empti.

1176 3365 1307 3428 Pro
1354 3365 1694 3427 excisione
1760 3366 2078 3427 roborum
2147 3375 2213 3425 et
2277 3364 2688 3429 edificiorum
2746 3368 3163 3429 stabulorum
3230 3389 3555 3450 equorum
3623 3369 3687 3430 in
3738 3378 3959 3431 castro
4006 3389 4159 3431 con-

960 3484 1382 3541 structorum,
1431 3472 1525 3533 W
1529 3470 1811 3554 ychroni
1857 3481 1927 3533 et
1971 3472 2311 3556 Bogussio
2360 3473 2791 3553 carpentariis
2836 3474 3100 3537 racione
3150 3476 3475 3539 mercedis
3522 3476 3555 3537 I
3604 3496 3803 3538 marc,
3851 3475 3948 3538 VI
3998 3488 4159 3539 scot.

1175 3582 1307 3643 Pro
1354 3579 1809 3642 conuencione
1856 3579 2024 3641 silue
2072 3577 2378 3642 Gotardo
2428 3590 2494 3640 et
2532 3580 2701 3663 gloti
2748 3600 2867 3642 sue
2915 3580 2981 3642 in
3028 3579 3351 3645 Boleslaw
3386 3582 3752 3645 heredibus
3790 3582 3960 3645 VIII
3998 3595 4159 3647 scot.

1176 3687 1309 3749 Pro
1356 3687 1668 3749 mercede
1718 3686 2030 3769 predictis
2079 3686 2511 3767 carpentariis
2576 3707 2697 3768 pro
2763 3688 3263 3751 construccione
3338 3692 3755 3753 stabulorum
3834 3691 4158 3774 regalium

962 3798 1026 3858 in
1075 3806 1294 3859 castro
1342 3796 1469 3857 sub
1517 3814 1712 3857 muro
1759 3791 2238 3861 edificatorum.
2285 3804 2501 3857 totum
2553 3796 2637 3855 de
2684 3815 2863 3856 nouo
2911 3794 3169 3857 edificio
3218 3796 3317 3858 IV
3366 3818 3565 3860 marc,

1175 3904 1308 3964 Pro
1357 3902 1580 3965 CXLI
1627 3901 1913 3983 capeciis
1978 3902 2456 3964 clauiculorum
2525 3903 2611 3963 ad
2676 3904 2974 3983 predicta
3039 3904 3303 3966 stabula
3367 3907 3662 3989 tegenda
3726 3906 3827 3968 VI
3894 3908 4162 3990 capecia

961 4032 1082 4093 pro
1130 4011 1159 4072 I
1209 4020 1372 4073 scot.
1418 4008 1817 4091 recipiend0‚
1865 4008 2120 4071 XXIII
2167 4020 2329 4071 scot.

1175 4119 1309 4181 Pro
1358 4117 1536 4178 XIV
1583 4117 1867 4199 capeciis
1915 4118 2259 4179 clauorum
2310 4117 2637 4180 dictorum
2688 4116 2917 4181 latlme
2966 4118 3139 4181 XIV
3189 4140 3288 4202 gr.

1179 4226 1310 4287 Pro
1358 4224 1485 4287 CX.
1537 4224 1820 4306 capeciis
1867 4223 2357 4287 scilindriorum
2406 4226 2706 4306 quelibet
2752 4228 2824 4305 (s)
2892 4240 3127 4307 capete
3196 4248 3317 4309 pro
3367 4228 3395 4289 ,l
3446 4249 3543 4311 gr.
3595 4229 3656 4292 II
3708 4231 3934 4292 denar.
4002 4230 4160 4292 reci-

962 4334 1208 4416 piendo
1253 4332 1320 4394 in
1381 4329 1838 4414 Oppatlzouecz
1883 4332 1952 4393 Il
1999 4352 2201 4394 mare.
2249 4332 2429 4394 XIII
2477 4346 2638 4395 scot.
2692 4332 2785 4393 IV
2836 4335 3059 4395 denar.

1177 4441 1308 4502 Pro
1356 4440 1456 4501 VI
1503 4440 1849 4502 canalibus
1897 4441 1982 4501 ad
2031 4439 2331 4521 predicta
2376 4449 2592 4503 totum
2642 4442 2907 4502 stabula
2954 4450 3021 4503 et
3068 4462 3189 4522 pro
3236 4443 3431 4505 scalis
3480 4444 3657 4506 XIII
3704 4455 3867 4506 scot.

1176 4549 1311 4611 Pro
1361 4549 1669 4611 mercede
1716 4546 2072 4609 Wichroni
2118 4567 2273 4610 cum
2324 4547 2507 4609 socio
2554 4547 2987 4628 carpentariis
3033 4548 3430 4613 facientibus
3470 4552 3757 4633 gradum
3810 4553 3983 4615 circa
4020 4554 4159 4613 bal-

963 4677 1163 4720 neum
1213 4656 1279 4718 in
1327 4667 1548 4719 castro
1595 4654 1807 4737 regali
1856 4665 1924 4716 et
1971 4654 2123 4729 alia,
2177 4675 2309 4735 que
2356 4664 2513 4717 sunt
2559 4654 2805 4717 ibidem
2856 4658 3234 4720 necessaria
3280 4658 3600 4726 facienda.
3648 4660 3914 4722 racione
3962 4660 4161 4741 precii

964 4767 1064 4827 III
1112 4775 1274 4829 scot.

1176 4874 1310 4935 Pro
1356 4871 1425 4934 II
1470 4870 1832 4953 sexagenis
1880 4890 2180 4933 asserum
2234 4871 2563 4934 dictorum
2612 4870 2941 4933 wsczankt‘
2976 4872 3147 4935 VIII
3194 4884 3355 4936 scot.

1176 4981 1310 5043 Pro
1357 4978 1724 5042 serimentis
1771 4980 1964 5041 dictis
2009 4978 2283 5042 sawaszz'
2318 4982 2403 5042 ad
2452 4978 2780 5042 fenestras
2847 4990 2914 5043 et
2960 4978 3137 5048 hakz'.
3182 4980 3248 5042 in
3299 4983 3541 5063 quibus
3607 4978 3901 5065 pendent
3946 4983 4163 5047 hostia

963 5100 1030 5150 et
1075 5088 1383 5156 fenestre.
1432 5087 1622 5147 fabro
1673 5086 1771 5148 III
1819 5098 1980 5148 scot.

1179 5196 1310 5257 Pro
1357 5195 1508 5256 XX
1558 5194 1840 5275 capeciis
1887 5195 2372 5258 scilindriorum
2422 5196 2507 5257 ad
2557 5196 2853 5276 predicta
2900 5195 3165 5258 stabula
3215 5197 3355 5259 XII
3403 5210 3565 5260 scot.

1179 5303 1312 5365 Pro
1361 5302 1467 5363 IX
1517 5302 1800 5383 capeciis
1849 5302 2329 5365 clauiculorum
2377 5302 2479 5365 III
2528 5324 2627 5386 gr.

1177 5410 1310 5471 Pro
1358 5410 1389 5471 1
1437 5418 1671 5490 capete
1721 5411 2066 5472 clauorum
2114 5409 2443 5474 dictorum
2493 5408 2723 5473 latlme
2775 5412 2797 5472 I
2850 5433 2948 5495 gr.

1179 5640 1214 5705 1)
1252 5644 1440 5690 Zobacz
1477 5659 1534 5691 co
1572 5644 1638 5693 do
1675 5644 1958 5692 oznaczenia
1997 5644 2057 5709 tcj
2098 5644 2115 5690 i
2151 5644 2451 5709 nastepnych
2488 5645 2689 5692 niedziel
2730 5662 2902 5708 uwagq
2942 5660 3001 5693 na
3038 5652 3118 5693 str.
3159 5644 3241 5709 46.
