4592 6559
917 537 1296 605 REJESTRA
1346 539 1608 606 STACYJ
1657 539 1949 592 DWORU
1995 528 2265 591 KROLA
2312 541 2339 590 1
2388 521 2824 607 KROLOWEJ.
2882 551 3063 609 1403·
3480 523 3599 610 2‘87

410 741 708 824 propriiS,
753 737 912 806 item
959 762 1083 824 pro
1129 743 1232 805 III
1280 753 1477 806 centa
1523 763 1826 808 oworum
1875 743 1986 806 IX
2033 763 2132 828 gr.
2180 743 2340 806 item
2386 765 2509 826 pro
2556 743 2624 807 II
2670 745 3035 829 sexagenis
3074 763 3423 808 caseorum
3461 742 3607 806 XII

409 851 592 926 scoti,
639 850 798 913 item
844 870 969 933 pro
1017 850 1120 913 III
1169 851 1316 914 ollis
1361 851 1560 915 butiri
1607 851 1710 914 VI
1756 853 1940 926 scoti,
1995 852 2157 915 item
2205 872 2328 934 pro
2377 851 2479 914 IV·
2526 852 2899 915 octualibus
2946 853 3227 916 ceruisie
3274 852 3305 914 I
3355 873 3518 917 mar.

624 957 795 1020 Item
844 959 978 1020 dne
1024 958 1300 1042 Regine
1348 960 1432 1022 ad
1481 980 1757 1022 cenam:
1805 959 1961 1023 item
2009 980 2133 1042 pro
2171 959 2465 1041 piscibus
2512 959 2890 1023 recentibus
2925 959 3027 1021 VI
3066 961 3251 1034 scoti,
3288 960 3446 1023 item
3487 981 3607 1043 pro

411 1065 522 1129 IIC
570 1079 872 1128 oworum
921 1065 1022 1128 III
1070 1067 1257 1140 scoti,
1301 1067 1463 1130 item
1511 1087 1634 1148 pro
1681 1068 1902 1130 butiro
1949 1067 2051 1128 IV
2089 1067 2272 1142 scoti,
2311 1067 2469 1130 item
2518 1087 2640 1148 pro
2687 1069 2861 1130 lacte
2898 1077 2966 1130 et
3004 1087 3227 1130 crema
3274 1067 3377 1131 III
3423 1067 3608 1142 scoti,

409 1173 570 1236 item
617 1193 740 1255 pro
788 1172 854 1235 II
903 1175 1278 1238 octualibus
1326 1175 1600 1237 ceruisie
1647 1174 1791 1236 XII
1838 1175 2021 1238 scoti.

623 1279 907 1344 Summa
952 1281 1130 1344 diete
1176 1281 1355 1343 XIII
1402 1302 1562 1344 mar.

625 1388 980 1452 Dominica
1025 1389 1172 1470 ipso
1217 1391 1324 1452 die
1372 1411 1421 1452 s,
1470 1389 1738 1453 Martini
1789 1389 2068 1473 (11s11):
2117 1391 2275 1453 item
2324 1390 2460 1451 dno
2507 1389 2694 1472 Regi
2742 1392 2830 1452 ad
2875 1390 3244 1471 prandium,
3294 1393 3453 1454 item
3494 1411 3607 1474 pe·

413 1517 532 1560 cus
577 1497 937 1578 proprium,
984 1497 1144 1560 item
1191 1517 1315 1579 pro
1361 1517 1568 1580 porco
1615 1497 1795 1559 XIII
1842 1498 2024 1572 scoti,
2075 1497 2234 1560 item
2281 1517 2406 1580 pro
2452 1497 2586 1560 LX
2635 1497 2847 1578 pulliS‚
2897 1496 3175 1580 quilibet
3220 1499 3441 1580 pullus
3489 1519 3607 1581 per

425 1604 488 1684 ἧς
547 1624 644 1687 gr.
692 1603 851 1666 facit
896 1603 1040 1666 XV
1085 1605 1270 1678 scoti,
1337 1605 1496 1667 item
1561 1625 1684 1688 pro
1733 1605 1915 1666 aucis
1979 1603 2098 1678 IV,
2145 1604 2213 1667 II
2259 1605 2446 1678 scoti,
2510 1605 2667 1668 item
2718 1626 2840 1687 pro
2886 1605 2952 1668 II
3002 1606 3261 1689 sug-illis
3308 1605 3373 1668 II
3422 1606 3609 1679 scoti,

415 1712 576 1774 item
623 1710 726 1773 IV
773 1731 1128 1794 cappones·
1159 1712 1422 1794 proprii,
1479 1712 1638 1774 item
1688 1733 1810 1794 pro
1858 1711 1969 1774 IIC
2015 1732 2320 1774 oworum
2368 1712 2470 1774 III
2518 1712 2702 1787 scoti,
2767 1713 2926 1775 item
2973 1734 3095 1796 pro
3143 1713 3245 1775 III
3293 1713 3441 1777 ollis
3486 1715 3608 1775 bu-

413 1819 518 1881 tiri
563 1817 665 1881 VI
711 1819 897 1895 scoti,
935 1819 1092 1882 item
1159 1839 1283 1901 pro
1331 1819 1432 1883 VI
1496 1820 1870 1883 octualibus
1935 1819 2234 1893 ceruisie‚
2304 1821 2655 1902 quodlibet
2720 1822 2983 1884 octuale
3047 1842 3170 1903 per
3217 1822 3317 1898 'VI
3365 1831 3526 1885 scot.
3575 1822 3608 1884 I

406 1917 574 1989 mar.
623 1926 769 1989 XII
816 1927 1001 1990 scoti.

626 2033 802 2097 Item
848 2035 982 2097 dne
1028 2034 1304 2117 Regine
1353 2036 1438 2096 ad
1485 2035 1876 2117 prandium:
1933 2033 2094 2097 item
2143 2054 2351 2116 pecus
2396 2035 2756 2117 proprium,
2804 2035 2962 2097 item
3010 2056 3131 2119 pro
3176 2056 3382 2117 porco
3429 2035 3609 2098 XIII

413 2141 598 2214 scoti,
644 2141 803 2204 item
851 2141 983 2204 LX
1047 2141 1212 2224 pulli
1257 2141 1524 2224 proprii,
1549 2143 1746 2204 “item
1795 2162 1917 2223 pro
1966 2141 2070 2204 IV
2117 2143 2302 2206 aucis
2367 2142 2434 2203 II
2482 2143 2665 2218 scoti,
2728 2143 2886 2206 item
2953 2164 3074 2225 pro
3121 2144 3190 2206 II
3211 2145 3495 2230 ssugillis
3544 2145 3607 2206 ΙΙ

413 2249 596 2323 scoti,
643 2251 801 2311 item
849 2269 971 2330 pro
1017 2249 1085 2310 II
1133 2249 1547 2331 capponibus
1594 2250 1661 2311 II
1710 2271 1808 2332 gr.
1856 2249 2016 2313 item
2064 2271 2186 2331 pro
2233 2249 2286 2312 C
2334 2270 2637 2313 oworum
2686 2250 2788 2313 III
2836 2271 2934 2333 gr.
2980 2251 3139 2314 item
3187 2272 3309 2334 pro
3358 2252 3423 2314 II
3463 2252 3611 2314 ollis

413 2357 612 2419 butiri
657 2355 760 2417 IV
806 2357 988 2432 scoti,
1035 2357 1196 2419 item
1243 2377 1365 2439 pro
1413 2356 1515 2418 III
1563 2357 1938 2420 octualibus
1985 2357 2264 2420 ceruisie
2312 2356 2563 2420 XVIII
2609 2358 2792 2421 scoti.

628 2464 798 2525 Item
845 2463 998 2526 duci
1045 2462 1453 2528 Semisconi:
1519 2465 1676 2526 item
1743 2484 1868 2545 pro
1913 2463 1980 2526 ΙΙ
2027 2465 2447 2546 quartalibus
2512 2465 2807 2528 carnium
2874 2465 2983 2528 IX
3030 2467 3216 2539 scoti,
3282 2466 3442 2530 item
3488 2485 3611 2548 pro

414 2571 560 2634 XII
607 2572 821 2655 pullis,
869 2571 1147 2653 quilibet
1193 2573 1414 2653 pullus
1481 2592 1603 2653 per
1661 2572 1722 2654 ¹l2
1782 2592 1881 2654 gr.
1929 2570 2030 2633 VI
2079 2592 2178 2654 gr.
2243 2572 2405 2635 item
2471 2592 2594 2653 pro
2642 2572 2709 2635 II
2757 2573 2939 2635 aucis
2985 2573 3018 2635 I
3066 2583 3230 2636 scot.
3276 2574 3437 2636 item
3485 2594 3611 2655 pro

414 2679 664 2743 octuali
709 2678 988 2742 ceruisie
1035 2678 1136 2740 VI
1184 2679 1368 2742 scoti.

625 2783 796 2850 Item
827 2786 981 2849 duci
1003 2786 1313 2866 Janussio
1341 2785 1752 2870 Czesz'nszky:
1798 2788 1957 2850 item
1988 2808 2110 2869 pro
2139 2787 2207 2850 II
2236 2788 2649 2870 quai-talibus
2678 2788 2977 2851 carnium
3007 2789 3405 2852 bouinarum
3436 2788 3609 2852 VIII

414 2893 600 2969 scoti,
647 2894 804 2956 item
851 2913 978 2977 pro
1024 2893 1174 2956 XX
1221 2893 1419 2975 pullis
1466 2893 1532 2954 V
1580 2895 1764 2968 scoti,
1811 2895 1971 2958 item
2019 2915 2140 2978 pro
2179 2894 2279 2956 IV
2320 2895 2502 2958 aucis
2549 2895 2617 2957 II
2662 2895 2847 2968 scoti,
2894 2896 3050 2960 item
3099 2916 3221 2978 pro
3269 2896 3336 2960 II
3383 2906 3611 2960 octua-

415 3002 589 3065 libus
635 3001 914 3065 ceruisie
961 3001 1106 3064 XII
1153 3002 1338 3065 scoti.

627 3108 798 3173 Item
849 3109 1280 3174 marsalconi:
1327 3109 1489 3173 item
1538 3127 1662 3192 pro
1709 3110 1995 3194 quat-tali
2042 3111 2341 3174 carnium
2390 3109 2499 3172 IX
2548 3130 2645 3194 gr.
2690 3109 2851 3172 item
2900 3131 3025 3193 pro
3072 3110 3216 3173 XII
3263 3111 3461 3192 pullis
3508 3109 3611 3174 III

415 3217 600 3291 scoti,
644 3217 802 3282 item
851 3233 974 3298 pro
1023 3217 1089 3280 II
1141 3217 1324 3281 aucis
1371 3217 1403 3280 I
1449 3227 1612 3282 scot.
1661 3218 1818 3280 item
1867 3235 1990 3300 pro
2037 3217 2072 3281 I
2119 3217 2365 3280 octuali
2411 3217 2688 3282 ceruisie
2736 3217 2837 3278 VI
2884 3218 3069 3282 scoti.

629 3325 800 3388 Item
847 3326 985 3389 dno
1033 3326 1117 3389 N.
1165 3325 1746 3389 vicecancellario:
1811 3327 1988 3390 item.
2038 3346 2160 3407 pro
2207 3325 2351 3388 XII
2416 3321 2613 3408 pullis
2660 3324 2761 3387 III
2810 3325 2993 3398 scoti,
3039 3325 3198 3387 item
3246 3346 3368 3407 pro
3416 3347 3611 3408 quar—

417 3431 533 3496 tali
575 3433 874 3497 carnium
922 3429 1033 3495 IX
1081 3453 1181 3517 gr.
1229 3432 1390 3495 item
1437 3453 1559 3516 pro
1607 3433 1639 3495 Ι
1688 3434 1934 3496 octuali
1981 3433 2260 3496 ceruisie
2310 3432 2410 3495 VI
2458 3433 2641 3497 scoti.

629 3539 801 3602 Item
868 3540 1208 3603 Ruthenis
1271 3561 1473 3623 super
1539 3541 1750 3607 diaria
1811 3541 2106 3622 ipsorum
2173 3553 2328 3604 cu'm
2395 3542 2538 3603 aliis
2604 3541 2910 3604 Polonis:
2977 3541 3135 3604 item
3202 3561 3324 3622 pro
3371 3561 3613 3623 pecore

415 3647 665 3711 XVIII
711 3648 897 3722 scoti,
943 3648 1102 3712 item
1151 3666 1274 3730 pro
1320 3649 1454 3711 XL
1499 3648 1715 3730 pulliS‚
1773 3649 2052 3731 quilibet
2095 3649 2319 3730 pullus
2366 3667 2488 3730 per
2546 3649 2607 3727 Ἄ,
2666 3667 2766 3732 gr.
2815 3647 2888 3709 X
2936 3648 3121 3720 scoti,
3166 3648 3327 3710 item
3376 3668 3498 3729 pro
3546 3645 3613 3710 II

416 3755 732 3819 arietibus
778 3754 882 3817 VI
927 3755 1114 3830 scoti,
1161 3757 1322 3819 item
1369 3777 1493 3838 pro
1539 3756 1608 3819 II
1655 3757 2036 3820 octualibus
2081 3755 2366 3819 ceruisie
2409 3755 2553 3818 XII
2599 3755 2781 3818 scoti.

631 3855 803 3927 Item
852 3861 1253 3927 falconistis:
1319 3863 1478 3926 item
1527 3881 1651 3946 pro
1697 3863 1764 3926 II
1812 3863 2228 3946 quartalibus
2294 3863 2593 3925 carnium
2640 3861 2777 3924 VII
2844 3861 3028 3935 scoti,
3091 3862 3250 3925 item
3316 3866 3438 3945 pro
3484 3857 3619 3925 XL

418 3969 616 4053 pullis
661 3991 866 4054 super
906 3969 1206 4034 falcones
1242 3971 1317 4032 X
1355 3971 1539 4046 scoti,
1577 3971 1737 4036 item
1776 3991 1901 4054 pro
1941 3971 1973 4034 I
2011 3971 2216 4034 ariete
2255 3970 2590 4052 leopardis
2628 3970 2767 4033 VII
2804 3987 2905 4055 gr.
2943 3970 3101 4034 item
3120 3991 3263 4052 -pro
3301 3969 3332 4032 I
3371 3968 3619 4032 octuali

419 4078 696 4142 ceruisie
741 4077 845 4140 VI
891 4079 1076 4143 scoti.
1169 4115 1176 4122 ·
3236 4103 3239 4106 ⁴

634 4185 807 4248 Item
853 4186 991 4249 dno
1037 4185 1228 4270 Regi
1273 4187 1358 4248 ad
1419 4203 1690 4249 cenam:
1757 4184 1916 4248 item
1981 4205 2188 4268 pecus
2252 4185 2631 4268 proprium;
2697 4175 2855 4248 item
2922 4204 3045 4267 pro
3091 4183 3158 4248 II
3206 4179 3619 4268 quartalibus

419 4293 720 4358 carnium
770 4291 906 4355 VII
953 4289 1152 4368 scoti,'
1187 4293 1343 4355 item
1392 4311 1516 4374 pro
1563 4309 1770 4376 porco
1809 4291 1983 4355 VIII
2029 4290 2213 4367 scoti,
2261 4293 2422 4354 item
2468 4295 2593 4374 ρι’-ο
2631 4292 2763 4354 LX
2810 4292 3024 4374 pulliS‚
3072 4292 3353 4374 quilibet
3399 4293 3621 4375 pullus

419 4421 543 4484 per
601 4401 663 4482 Ἲς
722 4420 822 4485 gr.
869 4399 1026 4463 facit
1071 4399 1216 4464 XV
1262 4420 1354 4464 sc.
1399 4400 1558 4462 item
1605 4419 1728 4481 pro
1776 4399 1843 4462 II
1892 4399 2151 4482 sugillis
2199 4397 2267 4462 II
2314 4397 2499 4473 scoti,
2564 4399 2747 4461 item·
2772 4419 2894 4483 pro
2942 4398 3043 4462 IV
3092 4398 3275 4463 aucis
3322 4399 3389 4462 II
3436 4399 3619 4473 scoti,

419 4505 580 4572 item
627 4506 730 4569 VI
777 4523 1119 4590 cappones
1163 4506 1425 4589 proprii,
1475 4507 1633 4569 item
1680 4526 1803 4589 pro
1849 4506 1961 4569 IIC
2009 4525 2311 4569 oworum
2360 4506 2463 4569 III
2510 4507 2695 4582 scoti,
2743 4507 2899 4570 item
2948 4524 3070 4590 pro
3117 4507 3185 4570 II
3230 4507 3379 4571 ollis
3423 4504 3621 4570 butiri

421 4635 625 4698 super
657 4613 898 4700 pirogz'
930 4613 1033 4677 VI
1081 4614 1263 4690 scoti,
1327 4614 1487 4678 item
1535 4631 1660 4697 pro
1698 4614 1860 4683 ‚XX
1923 4612 2138 4676 caseis
2185 4613 2253 4676 II
2301 4613 2485 4688 scoti,
2552 4614 2711 4678 item
2777 4635 2900 4697 pro
2945 4613 3013 4676 V
3062 4613 3436 4679 octualibus
3482 4622 3620 4676 cei·-

421 4723 586 4787 uisie
633 4721 668 4785 I
713 4735 892 4786 mar:
921 4721 1022 4784 IV
1070 4720 1254 4788 scoti.

638 4829 809 4892 Item
859 4829 992 4894 dne
1039 4829 1314 4914 Regine
1361 4831 1448 4894 ad
1494 4847 1765 4894 cenam:
1833 4830 1992 4894 item
2039 4851 2250 4914 pecus
2313 4831 2675 4913 proprium,
2738 4829 2897 4892 item
2966 4847 3089 4912 pro
3148 4829 3433 4912 quat-tali
3480 4847 3621 4894 car-

421 4939 608 5002 nium
655 4937 757 5000 IV
805 4937 987 5013 scoti,
1029 4938 1192 5000 item
1224 4951 1363 5019 'pro
1410 4937 1545 5000 XL
1588 4938 1786 5020 pullis
1834 4938 1908 5001 X
1953 4939 2138 5014 scoti,
2187 4939 2347 5001 item
2404 4957 2526 5020 pro
2572 4957 2777 5020 porco
2824 4934 2996 5000 VIII
3042 4936 3229 5012 scoti,
3295 4937 3451 5000 item
3498 4955 3622 5020 pro

424 5045 494 5108 II
531 5045 715 5109 aucis
761 5045 794 5107 I
839 5055 1004 5109 scot.
1050 5047 1209 5107 item
1257 5064 1379 5126 pro
1426 5045 1494 5108 II
1541 5045 1800 5129 sug-illis
1850 5045 1952 5108 III
1999 5066 2098 5128 gr.
2146 5047 2305 5109 item
2354 5045 2455 5108 IV
2504 5061 2842 5127 cappones
2880 5044 3145 5129 proprii,
3192 5044 3350 5108 item
3398 5065 3521 5128 pro
3570 5041 3622 5107 C

425 5168 728 5217 oworum
805 5152 907 5215 III
981 5172 1080 5237 gr.
1127 5153 1312 5216 item
1388 5173 1511 5234 pro
1585 5153 1806 5216 butiro
1878 5153 1982 5214 IV
2045 5153 2232 5226 scoti,
2308 5153 2466 5215 item
2540 5172 2663 5235 pro
2726 5152 2831 5214 III
2896 5152 3270 5216 octualibus
3346 5151 3624 5216 ceruisie

425 5259 676 5323 XVIII
721 5259 906 5323 scoti.

641 5365 923 5430 Summa
969 5366 1142 5432 diete
1191 5366 1369 5430 XVI
1418 5387 1577 5430 mar.
1627 5367 1734 5430 IX
1783 5388 1880 5451 gr.

643 5471 811 5538 Item
859 5473 1026 5538 feria
1071 5474 1140 5538 II
1187 5472 1432 5558 (125l11)
1481 5477 1618 5538 dno
1656 5475 1844 5559 Regi
1883 5475 1968 5538 ad
2005 5475 2397 5557 prandium:
2445 5475 2605 5538 item
2644 5491 2854 5558 pecus
2888 5475 3265 5556 proprium;
3302 5475 3463 5539 item
3502 5491 3625 5558 pro

425 5579 496 5644 II
542 5581 956 5664 quartalibus
1005 5581 1301 5644 carnium
1352 5582 1524 5645 VIII
1570 5583 1756 5658 scoti,
1801 5581 1958 5645 item
2009 5604 2132 5666 pro
2179 5582 2313 5646 LX
2359 5583 2573 5664 pulliS‚
2620 5582 2896 5666 quilibet
2941 5583 3165 5666 pullus
3229 5603 3349 5665 per
3404 5583 3467 5665 ¹l2
3526 5603 3625 5666 gr.

425 5689 571 5753 XV
619 5709 708 5753 se.
753 5689 913 5753 item
961 5709 1083 5771 pro
1129 5709 1335 5771 porco
1383 5688 1556 5753 VIII
1604 5691 1789 5765 scoti,
1853 5691 2012 5753 item
2059 5710 2181 5773 pro
2229 5689 2329 5751 IV
2384 5690 2567 5754 aucis
2614 5690 2681 5753 II
2727 5690 2912 5764 scoti,
2977 5690 3135 5752 item
3202 5709 3325 5773 pro
3391 5688 3460 5751 II
3516 5709 3625 5753 su-
