4592 6559
1195 488 1576 554 REJESTRA
1624 460 2214 540 PonsxARmEGo
2257 490 2593 541 mimz-m.
2653 498 2834 556 ¹394·
3495 484 3609 557 185

420 690 580 754 item
625 710 750 773 pro
795 690 1152 772 paracione
1199 690 1499 755 eiusdem
1549 692 1678 755 olei
1723 690 1938 773 V111s,
1997 712 2096 775 gr.

422 798 584 862 item
629 818 754 881 pro
797 798 1154 882 paracione
1198 799 1329 863 olei
1373 799 1460 863 de
1505 819 1844 881 papauere
1891 797 1994 861 IV
2041 818 2172 863 cor.
2219 799 2286 860 V
2333 819 2433 883 gr.

423 906 582 969 item
628 926 752 989 pro
797 906 1084 990 cingulis
1129 907 1217 970 ad
1259 906 1576 971 flasculas
1618 907 1900 989 predicti
1945 907 2076 972 olei
2124 906 2226 969 IV
2273 928 2373 991 gr.

424 1013 582 1077 item
629 1014 954 1089 Bohem0‚
997 1014 1114 1098 qui
1159 1016 1530 1097 spadonem
1577 1016 1716 1079 dno
1763 1015 1950 1099 Regi
1996 1035 2087 1079 ex
2131 1024 2324 1097 parte
2364 1014 2672 1098 Procopii
2709 1016 3109 1079 marchionis
3145 1017 3493 1091 aduxerat,
3533 1015 3619 1078 de

425 1120 616 1185 freno
661 1122 696 1184 I
739 1142 978 1207 sexag.

424 1230 584 1294 item
632 1231 768 1294 dno
814 1228 1194 1295 Slowczoni
1239 1250 1361 1314 pro
1407 1250 1600 1314 equo,
1649 1250 1851 1313 quem
1897 1239 2062 1313 aput
2103 1228 2324 1312 ipsum
2372 1231 2547 1293 dnus
2592 1231 2757 1294 Rex
2801 1240 3161 1313 receperat,
3218 1232 3304 1295 ad
3352 1231 3624 1294 manda·

426 1347 570 1401 tum
616 1338 732 1401 dni
777 1337 1000 1421 Regis
1044 1336 1220 1401 VIII
1265 1358 1468 1402 marc.

426 1446 586 1508 item
635 1444 922 1509 Cristino
967 1444 1274 1510 familiari
1319 1446 1508 1511 ducis
1551 1443 1979 1529 Skrgellonis
2023 1466 2148 1529 pro
2194 1466 2371 1529 equo
2417 1447 2504 1509 ad
2541 1446 2936 1509 mandatum
2974 1445 3089 1509 dni
3128 1446 3353 1530 Regis
3388 1447 3625 1509 vocale

429 1552 534 1617 III
578 1572 780 1617 marc.

428 1661 588 1724 item
633 1680 758 1743 pro
803 1660 1119 1743 expensis
1167 1660 1386 1724 eidem
1435 1659 1721 1724 Cristino
1767 1662 1855 1724 ad
1901 1662 2296 1724 mandatum
2344 1657 2459 1724 dni
2505 1661 2727 1744 Regis
2774 1661 2843 1723 II
2889 1678 3090 1725 marc.

431 1768 592 1832 item
636 1788 762 1851 pro
820 1767 886 1851 ΙΙ,
943 1769 1104 1831 vlna
1148 1768 1355 1850 panni
1399 1768 1793 1833 Leuinensis
1839 1768 1928 1831 ad
1971 1788 2209 1831 saccos
2241 1766 2560 1852 ptZrnakt‘
2592 1770 2825 1843 dictos,
2873 1771 3010 1833 dno
3058 1768 3262 1853 Regi,
3310 1769 3397 1831 ad
3442 1788 3628 1831 man-

431 1876 662 1939 datum
710 1875 825 1939 dni
871 1875 1094 1959 Regis
1136 1874 1312 1938 VIII
1359 1896 1460 1961 gr.

431 1984 592 2047 item
640 1984 972 2047 Rutheno
1018 1983 1182 2047 alias
1228 1983 1446 2049 Czissz
1510 2005 1633 2066 pro
1680 1982 2120 2067 exempcione
2185 1984 2270 2047 de
2334 1984 2631 2067 hospicio
2694 2004 2818 2066 pro
2882 1982 3196 2066 expensis
3260 1984 3481 2066 ipsiuS,
3547 1983 3635 2045 ad

431 2092 823 2156 mandatum
871 2090 986 2155 dni
1030 2091 1254 2175 Regis
1298 2091 1368 2155 11
1413 2112 1614 2155 mare.

643 2196 929 2263 Summa
972 2198 1190 2263 XVII
1236 2218 1438 2263 marc.
1485 2198 1630 2283 V1l²¹
1690 2220 1789 2283 gr.

644 2306 816 2370 Item
864 2307 1198 2371 Rutheno
1242 2306 1590 2371 falconiste
1633 2306 1935 2370 similiter
1979 2328 2102 2389 pro
2150 2307 2464 2390 expensis
2512 2307 2545 2369 I
2590 2304 2733 2371 fert.

429 2414 590 2478 item
635 2413 1040 2478 Michalconi
1084 2414 1491 2479 cubiculario
1537 2415 1625 2478 ad
1670 2415 2076 2479 relacionem
2123 2416 2347 2500 Regis
2393 2416 2428 2479 1
2473 2436 2674 2479 marc.

430 2522 593 2585 item
637 2520 1123 2586 fistulatoribus
1167 2522 1284 2586 dni
1329 2521 1650 2588 Scziborii
1695 2524 1783 2586 ad
1831 2524 2221 2587 mandatum
2270 2524 2493 2607 Regis
2538 2522 2643 2586 VI
2688 2542 2889 2586 marc,

433 2628 594 2692 item
641 2650 764 2711 pro
807 2650 1023 2715 snury
1087 2631 1175 2694 ad
1239 2631 1548 2715 ioppulas
1614 2630 1838 2715 Regis
1899 2633 1985 2695 de
2049 2630 2332 2695 athlas-sa
2396 2631 2622 2715 griseo
2686 2650 2808 2712 per
2871 2630 3243 2693 Henricum
3306 2639 3633 2693 sartorem

434 2736 540 2799 VI
583 2758 685 2822 gr.

434 2844 594 2907 item
642 2865 764 2927 pro
809 2846 1074 2930 lagenis
1119 2845 1503 2929 recipiendo
1547 2847 1782 2911 vinum
1847 2867 1968 2929 pro
2034 2848 2171 2910 dno
2218 2847 2426 2931 Rege
2491 2847 2555 2909 in
2629 2846 3021 2920 Zarnouecz,
3090 2846 3176 2907 ad
3241 2846 3634 2908 mandatum

436 2951 660 3037 Regis
703 2952 808 3015 VI
854 2974 958 3037 gr.

436 3061 598 3125 item
643 3061 928 3124 sabbato
973 3062 1280 3144 sequenti
1327 3061 1530 3147 (14s3)
1579 3062 1942 3137 monachiS,
2009 3062 2122 3145 qui
2169 3062 2235 3125 in
2285 3062 2748 3147 legacionibus
2793 3063 2879 3125 de
2926 3061 3316 3145 Borgandia
3363 3060 3449 3123 ad
3496 3060 3638 3122 Re-

439 3189 598 3253 gem
643 3178 988 3244 venerant,
1033 3169 1102 3233 in
1147 3169 1410 3233 redditu
1459 3169 1535 3233 X
1581 3188 1782 3233 mare.

438 3276 600 3339 item
646 3275 1164 3341 Mosszcziczoni
1211 3278 1298 3339 ad
1344 3276 1737 3340 mandatum
1786 3277 2008 3361 Regis
2054 3298 2224 3359 pura
2267 3277 2641 3342 donacione
2689 3274 2789 3347 IV
2838 3296 3038 3340 marc.

440 3384 600 3447 item
647 3383 1024 3447 Andrelino
1071 3386 1159 3448 ad
1205 3385 1608 3449 relacionem
1655 3384 1770 3448 dni
1818 3384 2038 3469 Regis
2083 3385 2254 3448 solui
2304 3386 2455 3448 XX
2505 3405 2709 3448 marc.

439 3491 602 3555 item
646 3490 1104 3556 Weruschoni
1148 3512 1272 3574 pro
1318 3492 1636 3574 pancerio
1682 3490 1750 3553 V
1797 3512 1997 3555 maro.

439 3598 600 3662 item
647 3596 1013 3664 Stanimiro
1060 3600 1147 3663 de
1206 3598 1452 3664 Wclun
1498 3620 1622 3683 pro
1669 3600 1986 3681 expensis
2031 3599 2133 3663 IV
2180 3620 2381 3664 marc.

441 3706 603 3770 item
653 3706 919 3770 cuidam
967 3707 1146 3771 dicto
1195 3707 1332 3771 Bar
1375 3728 1500 3790 pro
1549 3707 1866 3789 expensis
1912 3706 2014 3770 IV
2057 3727 2260 3772 mare.

443 3813 602 3877 item
649 3814 1150 3898 archiepiscopo
1197 3814 1566 3880 Haliciensi
1613 3816 1680 3878 in
1729 3812 1992 3878 Christo
2037 3816 2211 3897 patri
2255 3815 2325 3879 II
2373 3835 2573 3879 marc,

443 3921 606 3985 item
653 3921 894 3985 Hinczi
939 3922 1241 3987 Nissensi
1288 3923 1627 4007 terrigene
1673 3922 2092 3985 Theutonico
2140 3932 2357 3986 totum
2406 3926 2495 3987 ad
2541 3924 2933 3986 mandatum
2982 3923 3095 3985 dni
3145 3922 3366 4007 Regis
3411 3924 3649 3984 vocale

447 4028 522 4092 X
565 4048 770 4093 marc,

441 4136 606 4201 item
650 4157 776 4219 pro
821 4134 1058 4201 atlassz
1101 4138 1320 4203 eidem
1370 4138 1611 4203 Hinczi
1658 4138 1819 4201 dato
1867 4138 1954 4199 ad
2002 4140 2393 4202 mandatum
2442 4139 2558 4202 dni
2603 4137 2826 4222 Regis
2870 4136 2939 4199 V
2985 4158 3187 4202 maro.

659 4242 947 4308 Summa
992 4244 1238 4309 LXXI
1253 4244 1316 4327 ¹l2
1375 4266 1576 4309 marc.

659 4351 832 4414 Item
879 4372 1004 4436 pro
1051 4353 1496 4434 exempcione
1541 4352 1946 4416 curiensium
1995 4354 2080 4415 de
2127 4352 2430 4435 hospicio
2475 4352 2731 4415 XXIV
2780 4372 2980 4415 maro.
3029 4354 3061 4415 I
3107 4352 3253 4415 fert.

444 4457 608 4522 item
652 4479 777 4541 pro
823 4460 1038 4524 serico
1085 4469 1362 4542 recepto
1407 4480 1529 4543 per
1575 4458 1947 4525 Henricum
1995 4470 2321 4523 sartorem
2369 4459 2439 4523 II
2484 4480 2583 4544 gr.

442 4565 604 4628 item
647 4586 773 4649 pro
819 4566 852 4629 I
897 4567 1060 4630 vlna
1107 4568 1240 4630 tele
1284 4566 1504 4630 flauee
1551 4587 1675 4649 per
1719 4568 2010 4630 eundem
2058 4577 2332 4650 recepta
2376 4566 2480 4630 IV
2528 4587 2630 4651 gr.

443 4672 604 4737 item
650 4692 776 4755 pro
823 4674 1138 4756 expensis
1184 4674 1732 4738 vicethezaurarii
1778 4694 1933 4737 cum
1977 4673 2416 4737 familiaribus
2462 4675 2576 4737 dni
2625 4674 2848 4759 Regis
2897 4675 2964 4737 II
3010 4694 3211 4737 marc.
3258 4673 3325 4734 V
3372 4692 3460 4735 sc.

442 4781 606 4844 item
652 4782 789 4845 dno
835 4782 1024 4865 Regi
1068 4802 1192 4864 per
1234 4781 1628 4846 familiarem
1675 4801 1871 4844 suurn
1919 4782 2170 4844 dictum
2219 4781 2419 4864 Goly,
2484 4781 2762 4844 missum
2811 4781 3254 4855 Mechouiam‚
3322 4782 3408 4841 ad
3466 4799 3648 4842 man-

446 4888 677 4952 datum
725 4889 1026 4952 eiusdem
1072 4889 1148 4951 X
1195 4909 1399 4953 marc.

441 4996 604 5059 item
644 4996 924 5077 Janusio
970 4996 1229 5060 notario
1277 4995 1466 5059 ducis
1511 4994 1846 5059 Witholdi
1891 5015 2012 5077 per
2059 4996 2350 5059 eundem
2398 4994 2795 5059 familiarem
2860 4994 3042 5077 Goly
3107 4995 3190 5057 ad
3259 4995 3647 5057 mandatum

445 5103 670 5189 Regis
717 5104 957 5167 vocale
1002 5102 1069 5165 V
1115 5123 1318 5166 marc,

443 5211 606 5275 item
654 5210 970 5274 Cunrado
1015 5210 1346 5293 pixidario
1391 5211 1479 5273 ad
1525 5211 1916 5274 mandatum
1967 5210 2080 5273 dni
2127 5211 2351 5294 Regis
2396 5210 2543 5274 XII
2590 5230 2791 5273 mare.

445 5319 608 5382 item
653 5337 776 5401 pro
823 5316 925 5381 IV
972 5318 1154 5381 libris
1202 5315 1429 5381 czucri
1459 5338 1584 5399 pro
1631 5306 2046 5381 confectibus
2091 5319 2409 5401 parandis
2454 5318 2672 5382 missis
2719 5319 2854 5381 dno
2901 5315 3087 5399 Regi
3143 5316 3210 5378 in
3262 5315 3647 5378 Zarnowecz

445 5422 514 5487 V
557 5446 764 5489 marc.

444 5534 606 5597 item
653 5531 1100 5597 Marszalconi
1152 5532 1402 5596 vectori
1449 5532 1562 5595 dni
1610 5532 1832 5617 Regis
1877 5552 2000 5614 pro
2048 5532 2262 5595 ocreis
2310 5532 2341 5594 I
2390 5531 2536 5595 fert.

662 5673 952 5716 Monumenta
979 5673 1116 5717 modii
1143 5672 1243 5716 aovi
1287 5672 1337 5715 T.
1367 5671 1462 5715 XV.
3371 5668 3434 5718 24
