<?xml version="1.0" encoding="UTF-8"?>
<!DOCTYPE html PUBLIC "-//W3C//DTD XHTML 1.0 Transitional//EN"
    "http://www.w3.org/TR/xhtml1/DTD/xhtml1-transitional.dtd">
<html xmlns="http://www.w3.org/1999/xhtml" xml:lang="en" lang="en">
 <head>
  <title>
</title>
<meta http-equiv="Content-Type" content="text/html;charset=utf-8" />
  <meta name='ocr-system' content='tesseract 3.04.00' />
  <meta name='ocr-capabilities' content='ocr_page ocr_carea ocr_par ocr_line ocrx_word'/>
</head>
<body>
  <div class='ocr_page' id='page_1' title='image "./rachunkidworukr00unkngoog_0403.png"; bbox 0 0 4592 6559; ppageno 0'>
   <div class='ocr_carea' id='block_1_1' title="bbox 2499 1908 2602 1989">
    <p class='ocr_par' dir='ltr' id='par_1_1' title="bbox 2499 1908 2602 1989">
     <span class='ocr_line' id='line_1_1' title="bbox 2499 1908 2602 1989; baseline 0.01 -1"><span class='ocrx_word' id='word_1_1' title='bbox 2499 1908 2602 1989; x_wconf 93' lang='lat' dir='ltr'>X.</span> 
     </span>
    </p>
   </div>
   <div class='ocr_carea' id='block_1_2' title="bbox 956 2113 4163 2264">
    <p class='ocr_par' dir='ltr' id='par_1_2' title="bbox 956 2113 4163 2264">
     <span class='ocr_line' id='line_1_2' title="bbox 956 2113 4163 2264; baseline -0 -3"><span class='ocrx_word' id='word_1_2' title='bbox 956 2138 1625 2264; x_wconf 85' lang='lat' dir='ltr'>REJESTRA</span> <span class='ocrx_word' id='word_1_3' title='bbox 1704 2140 2188 2264; x_wconf 78' lang='lat' dir='ltr'>STACYJ</span> <span class='ocrx_word' id='word_1_4' title='bbox 2249 2138 2744 2262; x_wconf 85' lang='lat' dir='ltr'>DWORU</span> <span class='ocrx_word' id='word_1_5' title='bbox 2803 2114 3239 2262; x_wconf 79' lang='lat' dir='ltr'>KROLA</span> <span class='ocrx_word' id='word_1_6' title='bbox 3308 2140 3346 2261; x_wconf 96' lang='grc' dir='ltr'>Ι</span> <span class='ocrx_word' id='word_1_7' title='bbox 3405 2113 4163 2262; x_wconf 78' lang='lat' dir='ltr'>KROLOWEJ.</span> 
     </span>
    </p>
   </div>
   <div class='ocr_carea' id='block_1_3' title="bbox 2292 2384 2800 2408">
    <p class='ocr_par' dir='ltr' id='par_1_3' title="bbox 2292 2384 2800 2408">
     <span class='ocr_line' id='line_1_3' title="bbox 2292 2384 2800 2408; baseline -0.004 -3"><span class='ocrx_word' id='word_1_8' title='bbox 2292 2387 2463 2405; x_wconf 57' lang='lat'><strong>-—-—·--⁴</strong></span> <span class='ocrx_word' id='word_1_9' title='bbox 2485 2384 2632 2408; x_wconf 59' lang='lat'>00-000</span> <span class='ocrx_word' id='word_1_10' title='bbox 2698 2393 2800 2399; x_wconf 88' lang='lat'>-—-——</span> 
     </span>
    </p>
   </div>
   <div class='ocr_carea' id='block_1_4' title="bbox 2384 2590 2740 2692">
    <p class='ocr_par' dir='ltr' id='par_1_4' title="bbox 2384 2590 2740 2692">
     <span class='ocr_line' id='line_1_4' title="bbox 2384 2590 2740 2692; baseline 0 -25"><span class='ocrx_word' id='word_1_11' title='bbox 2384 2590 2740 2692; x_wconf 80' lang='lat'>(1411).</span> 
     </span>
    </p>
   </div>
   <div class='ocr_carea' id='block_1_5' title="bbox 955 2768 4167 3265">
    <p class='ocr_par' dir='ltr' id='par_1_5' title="bbox 955 2768 4165 2855">
     <span class='ocr_line' id='line_1_5' title="bbox 955 2768 4165 2855; baseline -0.001 -21"><span class='ocrx_word' id='word_1_12' title='bbox 955 2772 1145 2836; x_wconf 86' lang='lat' dir='ltr'>Istud</span> <span class='ocrx_word' id='word_1_13' title='bbox 1193 2782 1296 2835; x_wconf 92' lang='lat' dir='ltr'>est</span> <span class='ocrx_word' id='word_1_14' title='bbox 1340 2769 1719 2855; x_wconf 83' lang='lat' dir='ltr'>registrum,</span> <span class='ocrx_word' id='word_1_15' title='bbox 1765 2770 1831 2833; x_wconf 91' lang='lat' dir='ltr'>in</span> <span class='ocrx_word' id='word_1_16' title='bbox 1881 2790 2015 2852; x_wconf 90' lang='lat' dir='ltr'>quo</span> <span class='ocrx_word' id='word_1_17' title='bbox 2064 2769 2489 2833; x_wconf 88' lang='lat' dir='ltr'>continentur</span> <span class='ocrx_word' id='word_1_18' title='bbox 2534 2770 2867 2833; x_wconf 86' lang='lat' dir='ltr'>staciones</span> <span class='ocrx_word' id='word_1_19' title='bbox 2913 2769 3028 2831; x_wconf 88' lang='lat' dir='ltr'>dni</span> <span class='ocrx_word' id='word_1_20' title='bbox 3075 2769 3295 2854; x_wconf 86' lang='lat' dir='ltr'>Regis</span> <span class='ocrx_word' id='word_1_21' title='bbox 3343 2789 3475 2831; x_wconf 86' lang='lat' dir='ltr'>vna</span> <span class='ocrx_word' id='word_1_22' title='bbox 3515 2789 3668 2831; x_wconf 85' lang='lat' dir='ltr'>curn</span> <span class='ocrx_word' id='word_1_23' title='bbox 3699 2771 3835 2834; x_wconf 89' lang='lat' dir='ltr'>dna</span> <span class='ocrx_word' id='word_1_24' title='bbox 3861 2768 4165 2853; x_wconf 85' lang='lat' dir='ltr'>Regina,</span> 
     </span>
    </p>

    <p class='ocr_par' dir='ltr' id='par_1_6' title="bbox 957 2876 4166 2963">
     <span class='ocr_line' id='line_1_6' title="bbox 957 2876 4166 2963; baseline -0.001 -21"><span class='ocrx_word' id='word_1_25' title='bbox 957 2900 1118 2963; x_wconf 88' lang='lat' dir='ltr'>qum</span> <span class='ocrx_word' id='word_1_26' title='bbox 1167 2889 1501 2942; x_wconf 88' lang='lat' dir='ltr'>venerunt</span> <span class='ocrx_word' id='word_1_27' title='bbox 1547 2878 1942 2952; x_wconf 87' lang='lat' dir='ltr'>Wisliciam‚</span> <span class='ocrx_word' id='word_1_28' title='bbox 2006 2878 2290 2941; x_wconf 90' lang='lat' dir='ltr'>sabbato</span> <span class='ocrx_word' id='word_1_29' title='bbox 2356 2877 2421 2939; x_wconf 89' lang='lat' dir='ltr'>in</span> <span class='ocrx_word' id='word_1_30' title='bbox 2470 2876 2699 2960; x_wconf 84' lang='lat' dir='ltr'>vigilia</span> <span class='ocrx_word' id='word_1_31' title='bbox 2762 2878 2825 2939; x_wconf 91' lang='lat' dir='ltr'>b.</span> <span class='ocrx_word' id='word_1_32' title='bbox 2872 2876 3152 2939; x_wconf 81' lang='lat' dir='ltr'>Andree</span> <span class='ocrx_word' id='word_1_33' title='bbox 3219 2877 3492 2960; x_wconf 82' lang='lat' dir='ltr'>gloriosi</span> <span class='ocrx_word' id='word_1_34' title='bbox 3556 2877 3843 2959; x_wconf 88' lang='lat' dir='ltr'>apostoli</span> <span class='ocrx_word' id='word_1_35' title='bbox 3892 2876 4166 2961; x_wconf 73' lang='lat' dir='ltr'><em>(28s11).</em></span> 
     </span>
    </p>

    <p class='ocr_par' dir='ltr' id='par_1_7' title="bbox 958 2982 4167 3069">
     <span class='ocr_line' id='line_1_7' title="bbox 958 2982 4167 3069; baseline -0.001 -20"><span class='ocrx_word' id='word_1_36' title='bbox 958 2988 1110 3050; x_wconf 89' lang='lat' dir='ltr'>Hec</span> <span class='ocrx_word' id='word_1_37' title='bbox 1156 2987 1370 3069; x_wconf 87' lang='lat' dir='ltr'>prima</span> <span class='ocrx_word' id='word_1_38' title='bbox 1415 2987 1623 3049; x_wconf 85' lang='lat' dir='ltr'>stacio</span> <span class='ocrx_word' id='word_1_39' title='bbox 1671 2984 1847 3049; x_wconf 87' lang='lat' dir='ltr'>facta</span> <span class='ocrx_word' id='word_1_40' title='bbox 1894 2996 1995 3049; x_wconf 85' lang='lat' dir='ltr'>est</span> <span class='ocrx_word' id='word_1_41' title='bbox 2040 2987 2126 3047; x_wconf 91' lang='lat' dir='ltr'>de</span> <span class='ocrx_word' id='word_1_42' title='bbox 2173 3005 2351 3048; x_wconf 88' lang='lat' dir='ltr'>anno</span> <span class='ocrx_word' id='word_1_43' title='bbox 2400 2984 2671 3047; x_wconf 86' lang='lat' dir='ltr'>Domini</span> <span class='ocrx_word' id='word_1_44' title='bbox 2717 2982 3175 3059; x_wconf 88' lang='lat' dir='ltr'>MCCCCXI⁰‚</span> <span class='ocrx_word' id='word_1_45' title='bbox 3225 2984 3399 3048; x_wconf 90' lang='lat' dir='ltr'>circa</span> <span class='ocrx_word' id='word_1_46' title='bbox 3445 2986 3995 3067; x_wconf 84' lang='lat' dir='ltr'>procuracionem</span> <span class='ocrx_word' id='word_1_47' title='bbox 4045 2986 4167 3048; x_wconf 89' lang='lat' dir='ltr'>dni</span> 
     </span>
    </p>

    <p class='ocr_par' dir='ltr' id='par_1_8' title="bbox 959 3091 4166 3265">
     <span class='ocr_line' id='line_1_8' title="bbox 959 3091 4166 3177; baseline -0.002 -18"><span class='ocrx_word' id='word_1_48' title='bbox 959 3094 1391 3177; x_wconf 79' lang='lat' dir='ltr'>Gronostagii</span> <span class='ocrx_word' id='word_1_49' title='bbox 1427 3094 1692 3157; x_wconf 90' lang='lat' dir='ltr'>heredis</span> <span class='ocrx_word' id='word_1_50' title='bbox 1721 3094 1804 3156; x_wconf 91' lang='lat' dir='ltr'>de</span> <span class='ocrx_word' id='word_1_51' title='bbox 1835 3091 2198 3176; x_wconf 78' lang='lat' dir='ltr'>Busszyna,</span> <span class='ocrx_word' id='word_1_52' title='bbox 2238 3092 2689 3174; x_wconf 84' lang='lat' dir='ltr'>procuratoris</span> <span class='ocrx_word' id='word_1_53' title='bbox 2726 3092 2919 3155; x_wconf 88' lang='lat' dir='ltr'>Noue</span> <span class='ocrx_word' id='word_1_54' title='bbox 2949 3091 3251 3167; x_wconf 88' lang='lat' dir='ltr'>ciuitatis,</span> <span class='ocrx_word' id='word_1_55' title='bbox 3283 3093 3573 3156; x_wconf 89' lang='lat' dir='ltr'>cantoris</span> <span class='ocrx_word' id='word_1_56' title='bbox 3600 3104 3887 3175; x_wconf 91' lang='lat' dir='ltr'>protunc</span> <span class='ocrx_word' id='word_1_57' title='bbox 3918 3093 4166 3157; x_wconf 85' lang='lat' dir='ltr'>eclesie</span> 
     </span>
     <span class='ocr_line' id='line_1_9' title="bbox 2266 3199 2845 3265; baseline -0.003 0"><span class='ocrx_word' id='word_1_58' title='bbox 2266 3199 2845 3265; x_wconf 83' lang='lat' dir='ltr'>SandomiriensiS.</span> 
     </span>
    </p>
   </div>
   <div class='ocr_carea' id='block_1_6' title="bbox 947 3360 4167 5709">
    <p class='ocr_par' dir='ltr' id='par_1_9' title="bbox 953 3360 4167 3658">
     <span class='ocr_line' id='line_1_10' title="bbox 1169 3360 4166 3446; baseline 0 -21"><span class='ocrx_word' id='word_1_59' title='bbox 1169 3363 1324 3425; x_wconf 91' lang='lat' dir='ltr'>Dno</span> <span class='ocrx_word' id='word_1_60' title='bbox 1372 3362 1558 3446; x_wconf 86' lang='lat' dir='ltr'>Regi</span> <span class='ocrx_word' id='word_1_61' title='bbox 1606 3363 1691 3425; x_wconf 90' lang='lat' dir='ltr'>ad</span> <span class='ocrx_word' id='word_1_62' title='bbox 1739 3362 2126 3444; x_wconf 89' lang='lat' dir='ltr'>prandium:</span> <span class='ocrx_word' id='word_1_63' title='bbox 2176 3361 2333 3424; x_wconf 87' lang='lat' dir='ltr'>item</span> <span class='ocrx_word' id='word_1_64' title='bbox 2382 3382 2505 3443; x_wconf 92' lang='lat' dir='ltr'>pro</span> <span class='ocrx_word' id='word_1_65' title='bbox 2552 3361 2844 3443; x_wconf 87' lang='lat' dir='ltr'>piscibus</span> <span class='ocrx_word' id='word_1_66' title='bbox 2889 3361 3267 3424; x_wconf 80' lang='lat' dir='ltr'>recentibus</span> <span class='ocrx_word' id='word_1_67' title='bbox 3316 3362 3348 3423; x_wconf 95' lang='grc' dir='ltr'>Ι</span> <span class='ocrx_word' id='word_1_68' title='bbox 3396 3382 3555 3425; x_wconf 88' lang='lat' dir='ltr'>mar.</span> <span class='ocrx_word' id='word_1_69' title='bbox 3595 3360 3663 3422; x_wconf 84' lang='lat' dir='ltr'>V</span> <span class='ocrx_word' id='word_1_70' title='bbox 3664 3360 3731 3424; x_wconf 93' lang='lat' dir='ltr'>II</span> <span class='ocrx_word' id='word_1_71' title='bbox 3768 3362 3952 3435; x_wconf 88' lang='lat' dir='ltr'>scoti,</span> <span class='ocrx_word' id='word_1_72' title='bbox 3998 3363 4166 3425; x_wconf 89' lang='lat' dir='ltr'>item</span> 
     </span>
     <span class='ocr_line' id='line_1_11' title="bbox 953 3452 4167 3553; baseline 0 -22"><span class='ocrx_word' id='word_1_73' title='bbox 953 3489 1076 3553; x_wconf 90' lang='lat' dir='ltr'>pro</span> <span class='ocrx_word' id='word_1_74' title='bbox 1124 3452 1417 3552; x_wconf 87' lang='lat' dir='ltr'>piscibus</span> <span class='ocrx_word' id='word_1_75' title='bbox 1463 3469 1654 3533; x_wconf 87' lang='lat' dir='ltr'>siccis</span> <span class='ocrx_word' id='word_1_76' title='bbox 1700 3469 1875 3532; x_wconf 92' lang='lat' dir='ltr'>VIII</span> <span class='ocrx_word' id='word_1_77' title='bbox 1921 3470 2105 3543; x_wconf 88' lang='lat' dir='ltr'>scoti,</span> <span class='ocrx_word' id='word_1_78' title='bbox 2152 3470 2311 3531; x_wconf 89' lang='lat' dir='ltr'>item</span> <span class='ocrx_word' id='word_1_79' title='bbox 2359 3489 2482 3551; x_wconf 89' lang='lat' dir='ltr'>pro</span> <span class='ocrx_word' id='word_1_80' title='bbox 2528 3470 2679 3531; x_wconf 91' lang='lat' dir='ltr'>oleo</span> <span class='ocrx_word' id='word_1_81' title='bbox 2726 3468 2792 3529; x_wconf 84' lang='lat' dir='ltr'>V</span> <span class='ocrx_word' id='word_1_82' title='bbox 2839 3469 3021 3543; x_wconf 90' lang='lat' dir='ltr'>scoti,</span> <span class='ocrx_word' id='word_1_83' title='bbox 3086 3468 3246 3531; x_wconf 89' lang='lat' dir='ltr'>item</span> <span class='ocrx_word' id='word_1_84' title='bbox 3311 3488 3433 3551; x_wconf 89' lang='lat' dir='ltr'>pro</span> <span class='ocrx_word' id='word_1_85' title='bbox 3480 3469 3697 3550; x_wconf 89' lang='lat' dir='ltr'>pomis</span> <span class='ocrx_word' id='word_1_86' title='bbox 3762 3481 3829 3531; x_wconf 90' lang='lat' dir='ltr'>et</span> <span class='ocrx_word' id='word_1_87' title='bbox 3874 3470 4167 3533; x_wconf 89' lang='lat' dir='ltr'>nucibus</span> 
     </span>
     <span class='ocr_line' id='line_1_12' title="bbox 953 3574 2589 3658; baseline 0 -19"><span class='ocrx_word' id='word_1_88' title='bbox 953 3574 1021 3639; x_wconf 88' lang='grc' dir='ltr'>ΙΙ</span> <span class='ocrx_word' id='word_1_89' title='bbox 1069 3577 1252 3651; x_wconf 92' lang='lat' dir='ltr'>scoti,</span> <span class='ocrx_word' id='word_1_90' title='bbox 1300 3577 1457 3639; x_wconf 88' lang='lat' dir='ltr'>item</span> <span class='ocrx_word' id='word_1_91' title='bbox 1498 3576 1602 3639; x_wconf 94' lang='lat' dir='ltr'>III</span> <span class='ocrx_word' id='word_1_92' title='bbox 1651 3577 1939 3640; x_wconf 87' lang='lat' dir='ltr'>octualia</span> <span class='ocrx_word' id='word_1_93' title='bbox 1985 3576 2260 3640; x_wconf 87' lang='lat' dir='ltr'>ceruisie</span> <span class='ocrx_word' id='word_1_94' title='bbox 2308 3576 2589 3658; x_wconf 86' lang='lat' dir='ltr'>propria.</span> 
     </span>
    </p>

    <p class='ocr_par' dir='ltr' id='par_1_10' title="bbox 953 3683 4167 3873">
     <span class='ocr_line' id='line_1_13' title="bbox 1168 3683 4167 3767; baseline 0 -21"><span class='ocrx_word' id='word_1_95' title='bbox 1168 3684 1452 3748; x_wconf 88' lang='lat' dir='ltr'>Ducisse</span> <span class='ocrx_word' id='word_1_96' title='bbox 1501 3683 1864 3746; x_wconf 88' lang='lat' dir='ltr'>Semouiti:</span> <span class='ocrx_word' id='word_1_97' title='bbox 1912 3684 2071 3747; x_wconf 89' lang='lat' dir='ltr'>item</span> <span class='ocrx_word' id='word_1_98' title='bbox 2119 3705 2241 3767; x_wconf 93' lang='lat' dir='ltr'>pro</span> <span class='ocrx_word' id='word_1_99' title='bbox 2288 3683 2580 3766; x_wconf 88' lang='lat' dir='ltr'>piscibus</span> <span class='ocrx_word' id='word_1_100' title='bbox 2627 3683 3007 3747; x_wconf 84' lang='lat' dir='ltr'>recentibus</span> <span class='ocrx_word' id='word_1_101' title='bbox 3044 3684 3227 3746; x_wconf 88' lang='lat' dir='ltr'>XIX</span> <span class='ocrx_word' id='word_1_102' title='bbox 3268 3684 3452 3759; x_wconf 87' lang='lat' dir='ltr'>scoti,</span> <span class='ocrx_word' id='word_1_103' title='bbox 3499 3685 3659 3747; x_wconf 88' lang='lat' dir='ltr'>item</span> <span class='ocrx_word' id='word_1_104' title='bbox 3705 3705 3829 3767; x_wconf 91' lang='lat' dir='ltr'>pro</span> <span class='ocrx_word' id='word_1_105' title='bbox 3866 3687 4018 3748; x_wconf 88' lang='lat' dir='ltr'>oleo</span> <span class='ocrx_word' id='word_1_106' title='bbox 4058 3684 4167 3747; x_wconf 92' lang='lat' dir='ltr'>III</span> 
     </span>
     <span class='ocr_line' id='line_1_14' title="bbox 953 3791 2866 3873; baseline 0 -20"><span class='ocrx_word' id='word_1_107' title='bbox 953 3812 1040 3855; x_wconf 82' lang='lat' dir='ltr'>sc,</span> <span class='ocrx_word' id='word_1_108' title='bbox 1089 3791 1234 3853; x_wconf 88' lang='lat' dir='ltr'>XII</span> <span class='ocrx_word' id='word_1_109' title='bbox 1283 3793 1431 3854; x_wconf 90' lang='lat' dir='ltr'>den.</span> <span class='ocrx_word' id='word_1_110' title='bbox 1479 3792 1636 3853; x_wconf 89' lang='lat' dir='ltr'>item</span> <span class='ocrx_word' id='word_1_111' title='bbox 1685 3811 1806 3873; x_wconf 92' lang='lat' dir='ltr'>pro</span> <span class='ocrx_word' id='word_1_112' title='bbox 1855 3792 2097 3853; x_wconf 86' lang='lat' dir='ltr'>octuali</span> <span class='ocrx_word' id='word_1_113' title='bbox 2145 3792 2419 3854; x_wconf 89' lang='lat' dir='ltr'>ceruisie</span> <span class='ocrx_word' id='word_1_114' title='bbox 2467 3791 2637 3854; x_wconf 91' lang='lat' dir='ltr'>VIII</span> <span class='ocrx_word' id='word_1_115' title='bbox 2685 3792 2866 3855; x_wconf 90' lang='lat' dir='ltr'>scoti.</span> 
     </span>
    </p>

    <p class='ocr_par' dir='ltr' id='par_1_11' title="bbox 954 3897 4165 4091">
     <span class='ocr_line' id='line_1_15' title="bbox 1167 3897 4165 3983; baseline 0.001 -22"><span class='ocrx_word' id='word_1_116' title='bbox 1167 3899 1343 3961; x_wconf 93' lang='lat' dir='ltr'>Duci</span> <span class='ocrx_word' id='word_1_117' title='bbox 1388 3897 1844 3963; x_wconf 88' lang='lat' dir='ltr'>Semischoni:</span> <span class='ocrx_word' id='word_1_118' title='bbox 1892 3898 2049 3961; x_wconf 89' lang='lat' dir='ltr'>item</span> <span class='ocrx_word' id='word_1_119' title='bbox 2096 3919 2220 3980; x_wconf 92' lang='lat' dir='ltr'>pro</span> <span class='ocrx_word' id='word_1_120' title='bbox 2268 3900 2646 3961; x_wconf 86' lang='lat' dir='ltr'>recentibus</span> <span class='ocrx_word' id='word_1_121' title='bbox 2709 3900 2999 3980; x_wconf 89' lang='lat' dir='ltr'>piscibus</span> <span class='ocrx_word' id='word_1_122' title='bbox 3050 3898 3148 3961; x_wconf 91' lang='lat' dir='ltr'>VI</span> <span class='ocrx_word' id='word_1_123' title='bbox 3204 3900 3387 3975; x_wconf 86' lang='lat' dir='ltr'>scoti,</span> <span class='ocrx_word' id='word_1_124' title='bbox 3452 3901 3607 3963; x_wconf 86' lang='lat' dir='ltr'>item</span> <span class='ocrx_word' id='word_1_125' title='bbox 3676 3920 3799 3981; x_wconf 91' lang='lat' dir='ltr'>pro</span> <span class='ocrx_word' id='word_1_126' title='bbox 3864 3900 4165 3983; x_wconf 90' lang='lat' dir='ltr'>piscibus</span> 
     </span>
     <span class='ocr_line' id='line_1_16' title="bbox 954 4002 3885 4091; baseline 0.001 -24"><span class='ocrx_word' id='word_1_127' title='bbox 954 4005 1146 4068; x_wconf 89' lang='lat' dir='ltr'>siccis</span> <span class='ocrx_word' id='word_1_128' title='bbox 1194 4005 1262 4068; x_wconf 94' lang='lat' dir='ltr'>II</span> <span class='ocrx_word' id='word_1_129' title='bbox 1308 4006 1493 4079; x_wconf 91' lang='lat' dir='ltr'>scoti,</span> <span class='ocrx_word' id='word_1_130' title='bbox 1539 4006 1698 4068; x_wconf 90' lang='lat' dir='ltr'>item</span> <span class='ocrx_word' id='word_1_131' title='bbox 1746 4025 1870 4087; x_wconf 93' lang='lat' dir='ltr'>pro</span> <span class='ocrx_word' id='word_1_132' title='bbox 1919 4007 2070 4068; x_wconf 88' lang='lat' dir='ltr'>oleo</span> <span class='ocrx_word' id='word_1_133' title='bbox 2117 4002 2235 4091; x_wconf 75' lang='lat' dir='ltr'>I¹s2</span> <span class='ocrx_word' id='word_1_134' title='bbox 2285 4015 2446 4068; x_wconf 89' lang='lat' dir='ltr'>scot.</span> <span class='ocrx_word' id='word_1_135' title='bbox 2494 4006 2651 4069; x_wconf 89' lang='lat' dir='ltr'>item</span> <span class='ocrx_word' id='word_1_136' title='bbox 2700 4026 2821 4088; x_wconf 87' lang='lat' dir='ltr'>pro</span> <span class='ocrx_word' id='word_1_137' title='bbox 2868 4007 3115 4071; x_wconf 92' lang='lat' dir='ltr'>octuali</span> <span class='ocrx_word' id='word_1_138' title='bbox 3162 4007 3437 4069; x_wconf 87' lang='lat' dir='ltr'>ceruisie</span> <span class='ocrx_word' id='word_1_139' title='bbox 3484 4006 3656 4069; x_wconf 88' lang='lat' dir='ltr'>VIII</span> <span class='ocrx_word' id='word_1_140' title='bbox 3703 4008 3885 4070; x_wconf 89' lang='lat' dir='ltr'>scoti.</span> 
     </span>
    </p>

    <p class='ocr_par' dir='ltr' id='par_1_12' title="bbox 951 4111 4164 4306">
     <span class='ocr_line' id='line_1_17' title="bbox 1169 4111 4164 4198; baseline 0.001 -25"><span class='ocrx_word' id='word_1_141' title='bbox 1169 4112 1344 4175; x_wconf 93' lang='lat' dir='ltr'>Duci</span> <span class='ocrx_word' id='word_1_142' title='bbox 1391 4111 1864 4196; x_wconf 83' lang='lat' dir='ltr'>Sigismundo:</span> <span class='ocrx_word' id='word_1_143' title='bbox 1911 4112 2070 4175; x_wconf 89' lang='lat' dir='ltr'>item</span> <span class='ocrx_word' id='word_1_144' title='bbox 2117 4133 2240 4193; x_wconf 89' lang='lat' dir='ltr'>pro</span> <span class='ocrx_word' id='word_1_145' title='bbox 2287 4113 2581 4194; x_wconf 91' lang='lat' dir='ltr'>piscibus</span> <span class='ocrx_word' id='word_1_146' title='bbox 2626 4113 3007 4176; x_wconf 86' lang='lat' dir='ltr'>recentibus</span> <span class='ocrx_word' id='word_1_147' title='bbox 3057 4114 3156 4175; x_wconf 86' lang='lat' dir='ltr'>VI</span> <span class='ocrx_word' id='word_1_148' title='bbox 3205 4115 3389 4187; x_wconf 90' lang='lat' dir='ltr'>scoti,</span> <span class='ocrx_word' id='word_1_149' title='bbox 3454 4115 3609 4177; x_wconf 88' lang='lat' dir='ltr'>item</span> <span class='ocrx_word' id='word_1_150' title='bbox 3676 4136 3799 4198; x_wconf 91' lang='lat' dir='ltr'>pro</span> <span class='ocrx_word' id='word_1_151' title='bbox 3864 4114 4164 4197; x_wconf 89' lang='lat' dir='ltr'>piscibus</span> 
     </span>
     <span class='ocr_line' id='line_1_18' title="bbox 951 4218 3877 4306; baseline 0 -23"><span class='ocrx_word' id='word_1_152' title='bbox 951 4220 1144 4283; x_wconf 90' lang='lat' dir='ltr'>siccis</span> <span class='ocrx_word' id='word_1_153' title='bbox 1190 4218 1308 4306; x_wconf 75' lang='lat' dir='ltr'>I¹l2</span> <span class='ocrx_word' id='word_1_154' title='bbox 1356 4230 1517 4284; x_wconf 92' lang='lat' dir='ltr'>scot.</span> <span class='ocrx_word' id='word_1_155' title='bbox 1565 4220 1725 4283; x_wconf 91' lang='lat' dir='ltr'>item</span> <span class='ocrx_word' id='word_1_156' title='bbox 1774 4240 1895 4302; x_wconf 91' lang='lat' dir='ltr'>pro</span> <span class='ocrx_word' id='word_1_157' title='bbox 1943 4222 2093 4282; x_wconf 91' lang='lat' dir='ltr'>oleo</span> <span class='ocrx_word' id='word_1_158' title='bbox 2142 4220 2209 4282; x_wconf 96' lang='lat' dir='ltr'>II</span> <span class='ocrx_word' id='word_1_159' title='bbox 2255 4221 2441 4294; x_wconf 91' lang='lat' dir='ltr'>scoti,</span> <span class='ocrx_word' id='word_1_160' title='bbox 2488 4222 2645 4283; x_wconf 89' lang='lat' dir='ltr'>item</span> <span class='ocrx_word' id='word_1_161' title='bbox 2694 4241 2814 4303; x_wconf 89' lang='lat' dir='ltr'>pro</span> <span class='ocrx_word' id='word_1_162' title='bbox 2862 4222 3105 4284; x_wconf 85' lang='lat' dir='ltr'>octuali</span> <span class='ocrx_word' id='word_1_163' title='bbox 3152 4222 3428 4285; x_wconf 90' lang='lat' dir='ltr'>ceruisie</span> <span class='ocrx_word' id='word_1_164' title='bbox 3474 4221 3647 4284; x_wconf 93' lang='lat' dir='ltr'>VIII</span> <span class='ocrx_word' id='word_1_165' title='bbox 3694 4222 3877 4285; x_wconf 89' lang='lat' dir='ltr'>scoti.</span> 
     </span>
    </p>

    <p class='ocr_par' dir='ltr' id='par_1_13' title="bbox 951 4328 4159 4519">
     <span class='ocr_line' id='line_1_19' title="bbox 1168 4328 4159 4411; baseline 0.002 -21"><span class='ocrx_word' id='word_1_166' title='bbox 1168 4328 1342 4390; x_wconf 93' lang='lat' dir='ltr'>Duci</span> <span class='ocrx_word' id='word_1_167' title='bbox 1388 4328 1745 4391; x_wconf 89' lang='lat' dir='ltr'>Romano:</span> <span class='ocrx_word' id='word_1_168' title='bbox 1792 4328 1949 4390; x_wconf 88' lang='lat' dir='ltr'>item</span> <span class='ocrx_word' id='word_1_169' title='bbox 1998 4348 2118 4409; x_wconf 90' lang='lat' dir='ltr'>pro</span> <span class='ocrx_word' id='word_1_170' title='bbox 2167 4328 2459 4410; x_wconf 88' lang='lat' dir='ltr'>piscibus</span> <span class='ocrx_word' id='word_1_171' title='bbox 2505 4329 2883 4391; x_wconf 86' lang='lat' dir='ltr'>recentibus</span> <span class='ocrx_word' id='word_1_172' title='bbox 2933 4330 3032 4391; x_wconf 93' lang='grc' dir='ltr'>ΙΙΙ</span> <span class='ocrx_word' id='word_1_173' title='bbox 3080 4331 3265 4404; x_wconf 90' lang='lat' dir='ltr'>scoti,</span> <span class='ocrx_word' id='word_1_174' title='bbox 3330 4329 3486 4392; x_wconf 90' lang='lat' dir='ltr'>item</span> <span class='ocrx_word' id='word_1_175' title='bbox 3544 4350 3665 4411; x_wconf 91' lang='lat' dir='ltr'>pro</span> <span class='ocrx_word' id='word_1_176' title='bbox 3712 4332 3863 4393; x_wconf 88' lang='lat' dir='ltr'>oleo</span> <span class='ocrx_word' id='word_1_177' title='bbox 3909 4330 3944 4392; x_wconf 92' lang='lat' dir='ltr'>I</span> <span class='ocrx_word' id='word_1_178' title='bbox 3990 4340 4159 4395; x_wconf 85' lang='lat' dir='ltr'>scot.</span> 
     </span>
     <span class='ocr_line' id='line_1_20' title="bbox 951 4434 2410 4519; baseline 0.001 -21"><span class='ocrx_word' id='word_1_179' title='bbox 951 4436 1110 4499; x_wconf 88' lang='lat' dir='ltr'>item</span> <span class='ocrx_word' id='word_1_180' title='bbox 1159 4455 1280 4519; x_wconf 92' lang='lat' dir='ltr'>pro</span> <span class='ocrx_word' id='word_1_181' title='bbox 1339 4434 1402 4516; x_wconf 71' lang='lat' dir='ltr'>¹l2</span> <span class='ocrx_word' id='word_1_182' title='bbox 1461 4436 1708 4499; x_wconf 91' lang='lat' dir='ltr'>octuali</span> <span class='ocrx_word' id='word_1_183' title='bbox 1754 4436 2032 4499; x_wconf 88' lang='lat' dir='ltr'>ceruisie</span> <span class='ocrx_word' id='word_1_184' title='bbox 2079 4435 2180 4497; x_wconf 89' lang='lat' dir='ltr'>IV</span> <span class='ocrx_word' id='word_1_185' title='bbox 2226 4436 2410 4500; x_wconf 91' lang='lat' dir='ltr'>scoti.</span> 
     </span>
    </p>

    <p class='ocr_par' dir='ltr' id='par_1_14' title="bbox 953 4541 4159 4737">
     <span class='ocr_line' id='line_1_21' title="bbox 1165 4541 4159 4628; baseline 0.002 -24"><span class='ocrx_word' id='word_1_186' title='bbox 1165 4541 1856 4606; x_wconf 89' lang='lat' dir='ltr'>Vicemarschalconi:</span> <span class='ocrx_word' id='word_1_187' title='bbox 1904 4544 2062 4605; x_wconf 90' lang='lat' dir='ltr'>item</span> <span class='ocrx_word' id='word_1_188' title='bbox 2111 4564 2231 4625; x_wconf 91' lang='lat' dir='ltr'>pro</span> <span class='ocrx_word' id='word_1_189' title='bbox 2279 4544 2570 4626; x_wconf 90' lang='lat' dir='ltr'>piscibus</span> <span class='ocrx_word' id='word_1_190' title='bbox 2616 4544 2994 4608; x_wconf 89' lang='lat' dir='ltr'>recentibus</span> <span class='ocrx_word' id='word_1_191' title='bbox 3041 4544 3144 4607; x_wconf 91' lang='lat' dir='ltr'>III</span> <span class='ocrx_word' id='word_1_192' title='bbox 3182 4545 3366 4619; x_wconf 87' lang='lat' dir='ltr'>scoti,</span> <span class='ocrx_word' id='word_1_193' title='bbox 3412 4546 3568 4609; x_wconf 87' lang='lat' dir='ltr'>item</span> <span class='ocrx_word' id='word_1_194' title='bbox 3598 4566 3720 4628; x_wconf 89' lang='lat' dir='ltr'>pro</span> <span class='ocrx_word' id='word_1_195' title='bbox 3750 4546 3901 4609; x_wconf 94' lang='lat' dir='ltr'>oleo</span> <span class='ocrx_word' id='word_1_196' title='bbox 3931 4546 3962 4608; x_wconf 98' lang='grc' dir='ltr'>Ι</span> <span class='ocrx_word' id='word_1_197' title='bbox 3992 4556 4159 4611; x_wconf 89' lang='lat' dir='ltr'>scot.</span> 
     </span>
     <span class='ocr_line' id='line_1_22' title="bbox 953 4650 2415 4737; baseline 0.001 -24"><span class='ocrx_word' id='word_1_198' title='bbox 953 4651 1112 4714; x_wconf 91' lang='lat' dir='ltr'>item</span> <span class='ocrx_word' id='word_1_199' title='bbox 1161 4671 1286 4733; x_wconf 90' lang='lat' dir='ltr'>pro</span> <span class='ocrx_word' id='word_1_200' title='bbox 1335 4650 1414 4737; x_wconf 76' lang='lat' dir='ltr'>¹s2</span> <span class='ocrx_word' id='word_1_201' title='bbox 1464 4652 1711 4714; x_wconf 90' lang='lat' dir='ltr'>octuali</span> <span class='ocrx_word' id='word_1_202' title='bbox 1759 4652 2035 4714; x_wconf 89' lang='lat' dir='ltr'>ceruisie</span> <span class='ocrx_word' id='word_1_203' title='bbox 2083 4651 2183 4713; x_wconf 89' lang='lat' dir='ltr'>IV</span> <span class='ocrx_word' id='word_1_204' title='bbox 2231 4652 2415 4714; x_wconf 90' lang='lat' dir='ltr'>scoti.</span> 
     </span>
    </p>

    <p class='ocr_par' dir='ltr' id='par_1_15' title="bbox 950 4757 4157 4949">
     <span class='ocr_line' id='line_1_23' title="bbox 1165 4757 4157 4843; baseline 0.002 -23"><span class='ocrx_word' id='word_1_205' title='bbox 1165 4757 1784 4822; x_wconf 88' lang='lat' dir='ltr'>Vicethezaurario:</span> <span class='ocrx_word' id='word_1_206' title='bbox 1832 4758 1989 4821; x_wconf 89' lang='lat' dir='ltr'>item</span> <span class='ocrx_word' id='word_1_207' title='bbox 2040 4779 2160 4840; x_wconf 91' lang='lat' dir='ltr'>pro</span> <span class='ocrx_word' id='word_1_208' title='bbox 2206 4758 2499 4839; x_wconf 87' lang='lat' dir='ltr'>piscibus</span> <span class='ocrx_word' id='word_1_209' title='bbox 2545 4760 2922 4823; x_wconf 88' lang='lat' dir='ltr'>recentibus</span> <span class='ocrx_word' id='word_1_210' title='bbox 2971 4760 3073 4821; x_wconf 85' lang='lat' dir='ltr'>IV</span> <span class='ocrx_word' id='word_1_211' title='bbox 3102 4760 3285 4833; x_wconf 89' lang='lat' dir='ltr'>scoti,</span> <span class='ocrx_word' id='word_1_212' title='bbox 3332 4760 3491 4823; x_wconf 86' lang='lat' dir='ltr'>item</span> <span class='ocrx_word' id='word_1_213' title='bbox 3530 4781 3653 4843; x_wconf 88' lang='lat' dir='ltr'>pro</span> <span class='ocrx_word' id='word_1_214' title='bbox 3681 4763 3833 4824; x_wconf 93' lang='lat' dir='ltr'>oleo</span> <span class='ocrx_word' id='word_1_215' title='bbox 3872 4761 3938 4823; x_wconf 94' lang='lat' dir='ltr'>II</span> <span class='ocrx_word' id='word_1_216' title='bbox 3968 4762 4157 4835; x_wconf 90' lang='lat' dir='ltr'>scoti,</span> 
     </span>
     <span class='ocr_line' id='line_1_24' title="bbox 950 4866 2337 4949; baseline 0 -20"><span class='ocrx_word' id='word_1_217' title='bbox 950 4868 1108 4931; x_wconf 90' lang='lat' dir='ltr'>item</span> <span class='ocrx_word' id='word_1_218' title='bbox 1157 4886 1278 4949; x_wconf 90' lang='lat' dir='ltr'>pro</span> <span class='ocrx_word' id='word_1_219' title='bbox 1327 4866 1570 4929; x_wconf 88' lang='lat' dir='ltr'>octuali</span> <span class='ocrx_word' id='word_1_220' title='bbox 1617 4866 1891 4929; x_wconf 87' lang='lat' dir='ltr'>ceruisie</span> <span class='ocrx_word' id='word_1_221' title='bbox 1939 4866 2109 4928; x_wconf 84' lang='lat' dir='ltr'>VIII</span> <span class='ocrx_word' id='word_1_222' title='bbox 2155 4866 2337 4929; x_wconf 90' lang='lat' dir='ltr'>scoti.</span> 
     </span>
    </p>

    <p class='ocr_par' dir='ltr' id='par_1_16' title="bbox 951 4973 4154 5162">
     <span class='ocr_line' id='line_1_25' title="bbox 1166 4973 4154 5058; baseline 0.002 -23"><span class='ocrx_word' id='word_1_223' title='bbox 1166 4973 1560 5036; x_wconf 89' lang='lat' dir='ltr'>Presbiteris</span> <span class='ocrx_word' id='word_1_224' title='bbox 1610 4992 1762 5036; x_wconf 89' lang='lat' dir='ltr'>cum</span> <span class='ocrx_word' id='word_1_225' title='bbox 1810 4974 2114 5036; x_wconf 89' lang='lat' dir='ltr'>notariis:</span> <span class='ocrx_word' id='word_1_226' title='bbox 2164 4974 2319 5035; x_wconf 87' lang='lat' dir='ltr'>item</span> <span class='ocrx_word' id='word_1_227' title='bbox 2368 4996 2491 5055; x_wconf 90' lang='lat' dir='ltr'>pro</span> <span class='ocrx_word' id='word_1_228' title='bbox 2539 4974 2829 5056; x_wconf 89' lang='lat' dir='ltr'>piscibus</span> <span class='ocrx_word' id='word_1_229' title='bbox 2874 4976 3252 5037; x_wconf 85' lang='lat' dir='ltr'>recentibus</span> <span class='ocrx_word' id='word_1_230' title='bbox 3282 4974 3382 5037; x_wconf 91' lang='lat' dir='ltr'>VI</span> <span class='ocrx_word' id='word_1_231' title='bbox 3420 4976 3605 5050; x_wconf 88' lang='lat' dir='ltr'>scoti,</span> <span class='ocrx_word' id='word_1_232' title='bbox 3652 4976 3811 5039; x_wconf 89' lang='lat' dir='ltr'>item</span> <span class='ocrx_word' id='word_1_233' title='bbox 3848 4996 3971 5058; x_wconf 89' lang='lat' dir='ltr'>pro</span> <span class='ocrx_word' id='word_1_234' title='bbox 4000 4978 4154 5040; x_wconf 91' lang='lat' dir='ltr'>oleo</span> 
     </span>
     <span class='ocr_line' id='line_1_26' title="bbox 951 5080 2565 5162; baseline 0.001 -20"><span class='ocrx_word' id='word_1_235' title='bbox 951 5081 982 5142; x_wconf 93' lang='lat' dir='ltr'>I</span> <span class='ocrx_word' id='word_1_236' title='bbox 1029 5092 1191 5144; x_wconf 89' lang='lat' dir='ltr'>scot.</span> <span class='ocrx_word' id='word_1_237' title='bbox 1239 5081 1401 5143; x_wconf 89' lang='lat' dir='ltr'>item</span> <span class='ocrx_word' id='word_1_238' title='bbox 1447 5101 1571 5162; x_wconf 89' lang='lat' dir='ltr'>pro</span> <span class='ocrx_word' id='word_1_239' title='bbox 1619 5080 1897 5144; x_wconf 88' lang='lat' dir='ltr'>alleciali</span> <span class='ocrx_word' id='word_1_240' title='bbox 1946 5081 2217 5143; x_wconf 90' lang='lat' dir='ltr'>ceruisie</span> <span class='ocrx_word' id='word_1_241' title='bbox 2265 5081 2331 5142; x_wconf 90' lang='lat' dir='ltr'>V</span> <span class='ocrx_word' id='word_1_242' title='bbox 2380 5082 2565 5144; x_wconf 86' lang='lat' dir='ltr'>scoti.</span> 
     </span>
    </p>

    <p class='ocr_par' dir='ltr' id='par_1_17' title="bbox 1165 5188 4152 5275">
     <span class='ocr_line' id='line_1_27' title="bbox 1165 5188 4152 5275; baseline 0.001 -24"><span class='ocrx_word' id='word_1_243' title='bbox 1165 5188 1497 5273; x_wconf 85' lang='lat' dir='ltr'>Magistro</span> <span class='ocrx_word' id='word_1_244' title='bbox 1547 5189 1866 5271; x_wconf 91' lang='lat' dir='ltr'>coquine:</span> <span class='ocrx_word' id='word_1_245' title='bbox 1915 5188 2075 5250; x_wconf 88' lang='lat' dir='ltr'>item</span> <span class='ocrx_word' id='word_1_246' title='bbox 2125 5209 2248 5271; x_wconf 91' lang='lat' dir='ltr'>pro</span> <span class='ocrx_word' id='word_1_247' title='bbox 2292 5189 2585 5271; x_wconf 89' lang='lat' dir='ltr'>piscibus</span> <span class='ocrx_word' id='word_1_248' title='bbox 2630 5190 3013 5253; x_wconf 91' lang='lat' dir='ltr'>recentibus</span> <span class='ocrx_word' id='word_1_249' title='bbox 3060 5190 3123 5252; x_wconf 91' lang='lat' dir='ltr'>II</span> <span class='ocrx_word' id='word_1_250' title='bbox 3172 5191 3357 5264; x_wconf 87' lang='lat' dir='ltr'>scoti,</span> <span class='ocrx_word' id='word_1_251' title='bbox 3404 5192 3566 5254; x_wconf 89' lang='lat' dir='ltr'>item</span> <span class='ocrx_word' id='word_1_252' title='bbox 3612 5212 3736 5273; x_wconf 89' lang='lat' dir='ltr'>pro</span> <span class='ocrx_word' id='word_1_253' title='bbox 3782 5192 3933 5255; x_wconf 90' lang='lat' dir='ltr'>oleo</span> <span class='ocrx_word' id='word_1_254' title='bbox 3981 5192 4012 5254; x_wconf 94' lang='lat' dir='ltr'>I</span> <span class='ocrx_word' id='word_1_255' title='bbox 4052 5214 4152 5275; x_wconf 85' lang='lat' dir='ltr'>gr.</span> 
     </span>
    </p>

    <p class='ocr_par' dir='ltr' id='par_1_18' title="bbox 950 5295 4153 5487">
     <span class='ocr_line' id='line_1_28' title="bbox 1165 5295 4153 5382; baseline 0.002 -24"><span class='ocrx_word' id='word_1_256' title='bbox 1165 5295 1595 5359; x_wconf 89' lang='lat' dir='ltr'>Wolczconi:</span> <span class='ocrx_word' id='word_1_257' title='bbox 1645 5296 1800 5357; x_wconf 88' lang='lat' dir='ltr'>item</span> <span class='ocrx_word' id='word_1_258' title='bbox 1852 5315 1973 5377; x_wconf 92' lang='lat' dir='ltr'>pro</span> <span class='ocrx_word' id='word_1_259' title='bbox 2021 5296 2314 5377; x_wconf 89' lang='lat' dir='ltr'>piscibus</span> <span class='ocrx_word' id='word_1_260' title='bbox 2362 5298 2743 5360; x_wconf 89' lang='lat' dir='ltr'>recentibus</span> <span class='ocrx_word' id='word_1_261' title='bbox 2798 5297 2900 5359; x_wconf 94' lang='lat' dir='ltr'>III</span> <span class='ocrx_word' id='word_1_262' title='bbox 2947 5298 3130 5372; x_wconf 89' lang='lat' dir='ltr'>scoti,</span> <span class='ocrx_word' id='word_1_263' title='bbox 3194 5298 3353 5361; x_wconf 87' lang='lat' dir='ltr'>item</span> <span class='ocrx_word' id='word_1_264' title='bbox 3418 5320 3541 5381; x_wconf 87' lang='lat' dir='ltr'>pro</span> <span class='ocrx_word' id='word_1_265' title='bbox 3604 5300 3897 5382; x_wconf 90' lang='lat' dir='ltr'>piscibus</span> <span class='ocrx_word' id='word_1_266' title='bbox 3959 5300 4153 5363; x_wconf 90' lang='lat' dir='ltr'>siccis</span> 
     </span>
     <span class='ocr_line' id='line_1_29' title="bbox 950 5402 3561 5487; baseline 0.001 -20"><span class='ocrx_word' id='word_1_267' title='bbox 950 5405 979 5467; x_wconf 96' lang='lat' dir='ltr'>I</span> <span class='ocrx_word' id='word_1_268' title='bbox 1027 5415 1189 5469; x_wconf 91' lang='lat' dir='ltr'>scot.</span> <span class='ocrx_word' id='word_1_269' title='bbox 1237 5405 1397 5466; x_wconf 88' lang='lat' dir='ltr'>item</span> <span class='ocrx_word' id='word_1_270' title='bbox 1445 5424 1569 5487; x_wconf 89' lang='lat' dir='ltr'>pro</span> <span class='ocrx_word' id='word_1_271' title='bbox 1617 5405 1768 5466; x_wconf 92' lang='lat' dir='ltr'>oleo</span> <span class='ocrx_word' id='word_1_272' title='bbox 1816 5402 1847 5463; x_wconf 95' lang='grc' dir='ltr'><strong>Ι</strong></span> <span class='ocrx_word' id='word_1_273' title='bbox 1894 5412 2058 5466; x_wconf 93' lang='lat' dir='ltr'>scot.</span> <span class='ocrx_word' id='word_1_274' title='bbox 2104 5404 2258 5466; x_wconf 89' lang='lat' dir='ltr'>item</span> <span class='ocrx_word' id='word_1_275' title='bbox 2310 5425 2431 5485; x_wconf 93' lang='lat' dir='ltr'>pro</span> <span class='ocrx_word' id='word_1_276' title='bbox 2491 5405 2552 5485; x_wconf 68' lang='lat' dir='ltr'>¹l2</span> <span class='ocrx_word' id='word_1_277' title='bbox 2613 5406 2859 5468; x_wconf 91' lang='lat' dir='ltr'>octuali</span> <span class='ocrx_word' id='word_1_278' title='bbox 2905 5404 3182 5468; x_wconf 89' lang='lat' dir='ltr'>ceruisie</span> <span class='ocrx_word' id='word_1_279' title='bbox 3228 5405 3330 5467; x_wconf 94' lang='lat' dir='ltr'>IV</span> <span class='ocrx_word' id='word_1_280' title='bbox 3376 5407 3561 5470; x_wconf 91' lang='lat' dir='ltr'>scoti.</span> 
     </span>
    </p>

    <p class='ocr_par' dir='ltr' id='par_1_19' title="bbox 947 5510 4153 5709">
     <span class='ocr_line' id='line_1_30' title="bbox 1163 5510 4152 5597; baseline 0.002 -22"><span class='ocrx_word' id='word_1_281' title='bbox 1163 5511 1580 5585; x_wconf 74' lang='lat' dir='ltr'>FalconistiS,</span> <span class='ocrx_word' id='word_1_282' title='bbox 1629 5510 1935 5574; x_wconf 86' lang='lat' dir='ltr'>citaristis</span> <span class='ocrx_word' id='word_1_283' title='bbox 1981 5520 2048 5573; x_wconf 90' lang='lat' dir='ltr'>et</span> <span class='ocrx_word' id='word_1_284' title='bbox 2093 5513 2525 5575; x_wconf 85' lang='lat' dir='ltr'>venatoribus</span> <span class='ocrx_word' id='word_1_285' title='bbox 2572 5524 2640 5575; x_wconf 86' lang='lat' dir='ltr'>et</span> <span class='ocrx_word' id='word_1_286' title='bbox 2686 5513 2921 5576; x_wconf 87' lang='lat' dir='ltr'>ceteris</span> <span class='ocrx_word' id='word_1_287' title='bbox 2966 5512 3307 5576; x_wconf 89' lang='lat' dir='ltr'>Ruthenis</span> <span class='ocrx_word' id='word_1_288' title='bbox 3373 5534 3495 5596; x_wconf 88' lang='lat' dir='ltr'>pro</span> <span class='ocrx_word' id='word_1_289' title='bbox 3543 5512 3763 5577; x_wconf 84' lang='lat' dir='ltr'>diariis</span> <span class='ocrx_word' id='word_1_290' title='bbox 3816 5514 4152 5597; x_wconf 88' lang='lat' dir='ltr'>ipsorum:</span> 
     </span>
     <span class='ocr_line' id='line_1_31' title="bbox 947 5618 4153 5709; baseline 0.002 -27"><span class='ocrx_word' id='word_1_291' title='bbox 947 5621 1102 5683; x_wconf 81' lang='lat' dir='ltr'>item</span> <span class='ocrx_word' id='word_1_292' title='bbox 1153 5642 1277 5702; x_wconf 84' lang='lat' dir='ltr'>pro</span> <span class='ocrx_word' id='word_1_293' title='bbox 1324 5620 1618 5701; x_wconf 85' lang='lat' dir='ltr'>piscibus</span> <span class='ocrx_word' id='word_1_294' title='bbox 1663 5618 2045 5681; x_wconf 72' lang='lat' dir='ltr'>recentibus</span> <span class='ocrx_word' id='word_1_295' title='bbox 2093 5618 2277 5681; x_wconf 90' lang='lat' dir='ltr'>XXI</span> <span class='ocrx_word' id='word_1_296' title='bbox 2326 5620 2506 5695; x_wconf 92' lang='lat' dir='ltr'>scoti,</span> <span class='ocrx_word' id='word_1_297' title='bbox 2554 5620 2713 5683; x_wconf 89' lang='lat' dir='ltr'>item</span> <span class='ocrx_word' id='word_1_298' title='bbox 2764 5641 2885 5703; x_wconf 93' lang='lat' dir='ltr'>pro</span> <span class='ocrx_word' id='word_1_299' title='bbox 2931 5620 3222 5703; x_wconf 87' lang='lat' dir='ltr'>piscibus</span> <span class='ocrx_word' id='word_1_300' title='bbox 3268 5620 3460 5685; x_wconf 90' lang='lat' dir='ltr'>siccis</span> <span class='ocrx_word' id='word_1_301' title='bbox 3505 5624 3637 5686; x_wconf 85' lang='lat' dir='ltr'>due</span> <span class='ocrx_word' id='word_1_302' title='bbox 3682 5642 3923 5709; x_wconf 82' lang='lat' dir='ltr'>sexag.</span> <span class='ocrx_word' id='word_1_303' title='bbox 3960 5625 4153 5689; x_wconf 90' lang='lat' dir='ltr'>dictis</span> 
     </span>
    </p>
   </div>
  </div>
 </body>
</html>
