4592 6559
1019 515 1142 576 532
1366 510 1742 575 REJESTRA
1793 496 2221 572 WATRoBm
2269 509 2927 572 WIELKORZQDZCY
2976 509 3634 560 KRAKOWSKIEGO.
3690 519 3873 578 1419.

1229 709 1404 773 Item
1449 711 1736 774 sabbato
1782 720 1938 773 ante
1985 709 2389 773 dominicam
2435 709 2678 772 Letare
2724 709 2781 791 (2
2791 709 2927 794 513)
2990 709 3119 772 ista
3164 717 3306 774 tota
3352 709 3727 793 septimana
3769 731 3895 794 pro
3938 711 4215 776 simellis

1016 826 1084 880 et
1130 817 1394 880 circulis
1439 817 1680 901 viginti
1725 826 1890 880 scot.
1947 817 2105 880 item
2155 817 2391 880 decem
2440 837 2605 880 vasa
2650 816 2927 880 ceruisie
2973 837 3095 900 pro
3141 819 3386 880 brazeo
3432 827 3835 901 comparata,
3880 818 4043 882 item
4088 838 4213 902 pro

1015 924 1164 988 ollis
1213 934 1282 987 et
1328 924 1748 988 multralibus
1793 935 1932 987 tres
1977 934 2139 987 scot.

1228 1032 1401 1095 Item
1451 1034 1736 1096 sabbato
1787 1043 1942 1096 ante
1989 1032 2395 1096 dominicam
2452 1033 2684 1097 Iudica
2730 1053 2839 1096 me
2887 1033 3043 1116 (114)
3091 1054 3271 1097 anno
3316 1043 3393 1098 ut
3438 1055 3659 1118 supra,
3705 1035 3831 1098 ista
3874 1043 4019 1098 tota
4062 1055 4212 1118 sep-

1013 1139 1268 1202 timana
1312 1160 1435 1222 pro
1482 1140 1731 1203 simelis
1778 1150 1848 1203 et
1893 1140 2170 1213 circuliS,
2227 1141 2382 1222 quia
2427 1141 2726 1222 hospites
2772 1151 2961 1204 erant
3026 1143 3205 1224 apud
3270 1141 3613 1206 dominam
3681 1142 4027 1227 Reginam
4076 1163 4213 1206 vno

1014 1247 1138 1322 die,
1186 1247 1498 1310 dominus
1544 1248 1951 1310 castellanus
2017 1247 2417 1311 Kalisiensis
2463 1258 2534 1310 et
2578 1248 2703 1332 alij,
2769 1248 3009 1332 viginti
3054 1269 3231 1312 vnus
3275 1260 3440 1313 scot.
3505 1251 3665 1314 item
3730 1252 3969 1313 eadem
4014 1251 4213 1332 septi-

1013 1373 1215 1416 mana
1259 1355 1574 1417 vndecim
1621 1375 1787 1418 vasa
1832 1355 2131 1427 ceruisic‚
2189 1355 2317 1418 tria
2363 1364 2751 1437 comparata
2814 1376 2936 1438 pro
3000 1358 3303 1441 pecunijS
3368 1358 3631 1441 paratis,
3696 1357 4046 1441 quodlibet
4088 1377 4213 1420 vas

1012 1481 1136 1543 per
1180 1461 1366 1524 XXI
1412 1482 1504 1525 sc.
1549 1463 1617 1524 in
1662 1473 1806 1526 toto
1853 1460 2011 1525 facit
2057 1463 2189 1526 due
2237 1463 2310 1546 (s)
2358 1483 2519 1526 mar.
2577 1462 2720 1525 XV
2765 1473 2929 1527 scot.
2994 1463 3155 1527 item
3200 1485 3324 1546 pro
3370 1465 3651 1528 olliculis
3696 1475 3767 1528 et
3811 1464 3961 1528 ollis
4008 1464 4077 1527 H
4120 1482 4211 1528 sc.

1227 1568 1398 1631 Item
1446 1570 1732 1632 sabbato
1780 1578 1936 1633 ante
1981 1569 2387 1633 dominicam
2437 1569 3061 1652 Ramispalmarum
3102 1571 3259 1655 (814)
3313 1571 3439 1635 ista
3482 1581 3625 1635 tota
3668 1572 4047 1655 septimana
4090 1591 4214 1654 pro

1013 1675 1286 1738 simellis
1332 1686 1400 1740 et
1447 1676 1710 1740 circulis
1756 1677 1996 1760 viginti
2043 1686 2204 1740 scot.
2262 1697 2438 1741 vnus
2485 1697 2585 1761 gr.
2652 1677 2809 1740 item
2860 1679 3097 1742 eadem
3145 1679 3523 1761 septimana
3568 1700 3815 1743 nouem
3858 1699 4026 1742 vasa
4070 1697 4212 1743 cer-

1013 1783 1194 1859 uisie,
1241 1793 1394 1846 octo
1441 1805 1564 1866 pro
1609 1786 1851 1847 brazeo
1898 1794 1967 1847 et
2014 1805 2226 1848 vnum
2272 1805 2395 1867 pro
2440 1785 2686 1867 paratis
2731 1786 3035 1868 pecunijs
3082 1797 3150 1848 et
3186 1785 3345 1849 facit
3389 1787 3577 1850 XXI
3622 1795 3784 1852 scot.

1229 1891 1399 1954 Item
1447 1890 1614 1954 feria
1659 1901 1856 1955 sexta
1903 1892 2165 1976 Magna
2211 1892 2413 1977 (1414)
2461 1913 2583 1975 pro
2630 1893 2859 1956 azimis
2905 1893 3069 1956 alias
3106 1893 3436 1977 prascurz'
3468 1903 3731 1977 septem
3776 1903 3939 1958 scot.

1227 1999 1396 2061 Item
1445 2001 1734 2062 sabbato
1778 1999 1845 2062 in
1902 2000 2135 2084 vigilia
2199 2001 2461 2063 Pasche
2508 2001 2559 2083 (1
2576 2001 2709 2084 514)
2775 2021 2897 2082 pro
2963 2000 3236 2064 simellis
3298 2021 3504 2083 super
3566 2002 3732 2065 alias
3792 2002 3937 2064 dies
4000 2001 4213 2064 festus

1013 2106 1234 2169 media
1281 2127 1444 2169 mar.
1492 2107 1652 2169 item
1711 2127 1835 2189 pro
1900 2116 2052 2170 octo
2117 2107 2294 2170 vasis
2360 2108 2635 2170 ceruisie
2700 2108 2941 2190 emptis
3005 2128 3128 2190 pro
3189 2109 3439 2190 paratis
3502 2109 3819 2193 pecuniis,
3883 2109 4211 2192 capiendo

1013 2213 1361 2295 quodlibet
1406 2235 1528 2278 vas
1573 2235 1694 2297 per
1739 2214 1980 2298 viginti
2038 2234 2244 2277 vnum
2293 2226 2457 2279 scot.
2522 2216 2588 2277 in
2634 2225 2778 2278 toto
2824 2214 3005 2278 facit.
3048 2225 3309 2298 septem
3356 2236 3518 2279 mar.
3582 2216 3743 2279 item
3807 2236 3932 2299 pro
3976 2236 4210 2280 neces-

1011 2321 1202 2405 sarijS
1247 2324 1333 2384 ad
1380 2323 1754 2404 parandum
1801 2331 2045 2386 tortas:
2110 2322 2271 2385 item
2320 2323 2535 2405 primo
2582 2344 2703 2405 pro
2751 2323 2966 2385 VIIIC
3012 2327 3335 2399 oworum,
3400 2322 3749 2406 quodlibet
3790 2332 4063 2386 centurn
4108 2343 4211 2386 re·

1013 2428 1322 2511 cipiendo
1369 2449 1491 2511 per
1535 2427 1717 2511 111112
1776 2451 1874 2513 gr.
1943 2429 2008 2491 in
2059 2438 2204 2492 toto
2252 2428 2411 2493 facit
2456 2430 2673 2493 XIIII
2719 2440 2879 2494 scot.
2944 2431 3105 2494 item
3153 2451 3275 2513 pro
3342 2451 3477 2493 vno
3543 2451 3741 2494 sacco
3801 2431 4011 2494 farine
4058 2432 4213 2494 albe

1012 2536 1298 2599 cribrate
1345 2557 1483 2599 vna
1530 2558 1689 2600 mar.
1735 2547 1872 2600 tres
1918 2547 2080 2601 scot.
2145 2537 2305 2600 item
2351 2558 2474 2620 pro
2520 2538 2733 2601 tribus
2797 2539 3159 2622 sexagenis
3206 2559 3556 2602 caseorum
3603 2539 3931 2621 capiendo
3975 2559 4213 2622 quam-

1010 2645 1173 2708 libet
1218 2666 1341 2727 per
1386 2643 1734 2720 fertonem,
1781 2645 1849 2708 in
1899 2655 2042 2709 toto
2088 2644 2248 2709 facit
2295 2645 2544 2708 XVIII
2589 2655 2752 2709 scot.

1225 2751 1511 2816 Summa
1555 2753 1750 2816 huius
1797 2753 2158 2835 columpne
2205 2751 2365 2816 facit
2412 2752 2667 2835 XVI¹l2
2728 2773 2889 2816 mar.
2936 2753 2969 2815 I
3017 2773 3117 2838 gr.

1224 2859 1396 2922 Item
1444 2880 1567 2941 pro
1614 2860 1764 2923 ollis
1810 2869 1878 2922 et
1924 2860 2346 2922 multralibus
2382 2869 2518 2922 tres
2554 2880 2643 2923 sc.
2690 2861 2849 2922 item
2896 2879 3019 2942 pro
3066 2861 3293 2936 alueis,
3338 2861 3584 2924 canti-is
3627 2861 3871 2946 ligneis
3914 2862 4215 2945 quinque

1013 2987 1111 3051 gr.
1159 2967 1318 3030 item
1366 2988 1489 3050 pro
1535 2967 1831 3030 scutellis
1876 2987 2012 3030 vna
2057 2987 2292 3050 sexag.
2340 2977 2599 3050 septem
2647 2987 2737 3031 sc.
2784 2968 2946 3032 item
2993 2988 3117 3050 pro
3164 2968 3349 3031 vitris
3394 2979 3531 3032 tres
3574 2977 3667 3032 scL

1226 3076 1398 3138 Item
1445 3074 1609 3139 feria
1655 3075 1862 3138 tercia
1906 3095 2196 3158 sequens
2259 3073 2506 3138 festum
2554 3075 2767 3138 Pasce
2814 3076 2866 3156 (ι
2882 3076 3017 3158 814)
3084 3095 3205 3157 pro
3273 3075 3547 3139 simellis
3608 3077 3695 3140 ad
3740 3077 4099 3159 prandium
4142 3087 4217 3140 et

1013 3185 1102 3246 ad
1147 3202 1383 3247 cenam
1432 3183 1543 3245 IX
1590 3204 1690 3267 gr.
1753 3183 1914 3246 item
1962 3181 2126 3246 feria
2191 3193 2431 3265 quarta
2492 3203 2615 3266 pro
2680 3183 2953 3246 simellis
3017 3193 3307 3266 quatuor
3350 3193 3513 3247 scot.
3559 3184 3721 3247 item
3767 3183 3935 3247 feria
3977 3185 4215 3267 quinta

1014 3311 1138 3373 pro
1185 3290 1458 3354 simellis
1507 3291 1766 3354 medius
1826 3310 2046 3354 nonus
2092 3311 2191 3374 gr.
2254 3291 2416 3354 item
2465 3292 2601 3354 duo
2650 3311 2813 3354 vasa
2877 3290 3155 3354 ceruisie
3201 3312 3324 3373 pro
3389 3292 3638 3374 paratis
3682 3292 3983 3375 pecunijs
4028 3311 4214 3355 com-

1013 3408 1262 3480 parata,
1337 3398 1687 3480 quodlibet
1759 3398 2144 3482 recipiendo
2217 3419 2339 3482 per
2404 3399 2643 3483 viginti
2706 3419 2917 3461 vnum
2981 3407 3145 3462 scot.
3211 3399 3277 3461 in
3345 3408 3489 3462 toto
3553 3398 3714 3463 facit
3774 3419 3983 3462 vnam
4048 3419 4211 3462 mar.

1015 3506 1266 3569 XVIII
1311 3527 1402 3570 sc.

1228 3614 1401 3677 Item
1448 3612 1614 3677 feria
1659 3624 1853 3677 sexta
1897 3615 2206 3696 sequenti
2253 3615 2456 3697 (21s4)
2503 3637 2626 3698 pro
2664 3614 2937 3678 simellis
2974 3612 3154 3696 1V112
3195 3634 3295 3698 gr.
3340 3613 3502 3676 item
3548 3615 3688 3677 duo
3720 3633 3885 3677 vasa
3931 3614 4214 3678 ceruisie

1015 3731 1403 3804 comparata
1449 3741 1573 3803 pro
1619 3721 1918 3804 pecunijs
1962 3722 2213 3804 paratis
2260 3743 2395 3784 vna
2442 3742 2602 3786 mar.
2649 3720 2899 3784 XVIII
2944 3741 3035 3784 sc.
4090 3737 4097 3744 ·

1229 3827 1532 3892 Sabbato
1577 3827 1966 3891 Conductus
2012 3829 2223 3892 Pasce
2271 3831 2328 3910 (2
2342 3829 2473 3914 214)
2519 3850 2641 3912 pro
2688 3829 2981 3892 semellis
3018 3829 3106 3891 ad
3144 3827 3496 3910 prandium
3535 3838 3604 3892 et
3638 3825 3724 3891 ad
3762 3843 4001 3893 cenam
4038 3829 4215 3892 VIII

1017 3955 1116 4019 gr.
1163 3935 1324 3998 item
1373 3955 1584 3998 vnum
1631 3955 1754 3997 vas
1799 3935 2078 3998 ceruisie
2125 3956 2248 4017 pro
2294 3937 2535 4020 viginti
2582 3937 2615 3998 I
2661 3944 2823 3999 scot.

1231 4042 1404 4105 Item
1451 4042 1558 4105 die
1605 4041 1939 4105 dominico
2005 4041 2422 4125 Quasimodo
2488 4044 2764 4128 geniti(
2745 4041 2945 4126 (23s4)
3012 4043 3098 4106 ad
3146 4043 3499 4124 prandium
3557 4052 3628 4105 et
3670 4045 3757 4106 ad
3802 4055 4039 4107 cenam
4086 4062 4213 4127 pro

1018 4149 1310 4214 semellis
1356 4149 1465 4212 IX
1513 4171 1614 4233 gr.
1659 4150 1818 4213 item
1865 4151 2002 4212 duo
2048 4170 2214 4212 vasa
2259 4151 2539 4214 ceruisie
2585 4171 2708 4232 pro
2753 4152 2996 4214 brazeo
3042 4151 3130 4213 de
3177 4149 3590 4213 molendinis

1231 4256 1402 4319 Item
1450 4255 1618 4318 feria
1665 4258 1960 4320 secunda
2023 4258 2331 4340 sequenti
2379 4257 2580 4341 (2414)
2647 4278 2767 4340 pro
2830 4257 3105 4320 simellis
3168 4257 3256 4320 ad
3320 4257 3675 4339 prandium
3722 4267 3791 4321 et
3833 4259 3921 4322 ad
3967 4279 4207 4322 cenam

1018 4365 1128 4428 IX
1175 4385 1275 4448 gr.
1321 4364 1483 4426 item
1531 4365 1666 4426 duo
1714 4382 1878 4427 vasa
1923 4365 2204 4427 ceruisie
2249 4385 2371 4447 pro
2418 4364 2673 4428 brazeis
2719 4374 3127 4446 comparata.

1035 4452 1040 4456 ⁴
1232 4471 1406 4534 Item
1453 4471 1618 4535 feria
1660 4471 1868 4534 tercia
1912 4471 2220 4554 sequenti
2267 4474 2325 4553 (2
2336 4491 2369 4552 5
2376 4472 2469 4555 s4)
2517 4492 2641 4553 pro
2686 4471 2959 4534 simellis
3006 4471 3151 4554 ipso
3198 4471 3307 4535 die
3352 4472 3567 4534 sancti
3614 4471 3828 4536 Marci
3873 4472 4053 4554 1V1s,
4112 4495 4199 4558 gr

1017 4580 1178 4642 item
1225 4599 1437 4641 vnum
1485 4599 1606 4641 vas
1653 4579 1930 4642 ceruisie
1978 4599 2101 4660 pro
2148 4578 2407 4642 brazeis
2454 4579 2540 4642 de
2586 4577 3003 4642 molendinis.

1232 4685 1404 4748 Item
1452 4683 1617 4747 feria
1662 4694 1901 4767 quarta
1945 4685 2148 4770 (2614)
2196 4685 2470 4749 domina
2536 4687 2813 4770 Regina
2874 4686 3149 4750 recessit
3213 4686 3537 4750 Russiam
3582 4696 3653 4750 et
3696 4687 3955 4770 aliquas
3998 4689 4213 4752 domi-

1021 4794 1225 4857 cellas
1271 4793 1488 4855 iacere
1534 4793 1602 4854 in
1651 4791 1977 4856 Cracouia
2023 4793 2283 4870 dimisit,
2333 4796 2420 4857 ad
2466 4795 2653 4858 cuius
2700 4793 3217 4876 prelibacionem
3263 4814 3387 4876 pro
3432 4795 3707 4858 simellis
3751 4795 3889 4858 IIII
3935 4816 4034 4881 gr.

1233 4898 1518 4964 Summa
1561 4899 1757 4963 huius
1803 4902 2164 4983 columpne
2211 4901 2368 4964 facit
2414 4901 2517 4964 VI
2564 4921 2723 4964 mar.
2774 4901 2944 4963 VIII
2990 4912 3151 4964 scot.
3198 4901 3309 4983 1¹12
3366 4923 3467 4986 gr.

1234 5007 1406 5071 Item
1453 5006 1617 5070 feria
1681 5007 1914 5089 quinta
1976 5009 2284 5091 sequenti
2332 5008 2533 5091 (2714)
2600 5018 2669 5071 et
2714 5017 2911 5071 sexta
2958 5009 3159 5094 (2814)
3224 5030 3347 5093 pro
3410 5009 3664 5073 eisdem
3728 5011 4216 5076 domiceilabus

1018 5127 1155 5179 tres
1202 5135 1302 5200 gr.
1351 5115 1418 5177 II
1465 5115 1698 5197 quadr.
1745 5114 1903 5177 item
1951 5135 2160 5178 vnum
2208 5137 2332 5179 vas
2379 5115 2660 5180 ceruisie
2702 5137 2823 5198 pro
2868 5119 3129 5180 brazeO.

1234 5222 1408 5285 Item
1454 5223 1690 5285 sabato
1737 5232 1895 5285 ante
1941 5223 2344 5286 dominicam
2411 5224 2867 5288 Misericordia
2911 5223 3185 5287 Domini
3230 5223 3431 5309 (2914)
3460 5223 3606 5288 ‘ista
3649 5234 3796 5288 tota
3838 5227 4215 5308 septimana

1020 5329 1322 5414 quolibet
1367 5329 1475 5392 die
1521 5349 1725 5412 super
1768 5331 2082 5394 semellas
2138 5332 2294 5394 dedi
2340 5351 2461 5414 per
2505 5332 2578 5393 X
2626 5333 3033 5414 quadrentes
3098 5331 3348 5394 eisdem
3395 5332 3898 5406 domicellabus,
3942 5331 4103 5397 facit
4144 5334 4213 5397 in

1020 5449 1167 5502 toto
1213 5437 1325 5500 XI
1372 5458 1470 5522 gr.
1517 5437 1678 5500 item
1726 5438 1814 5500 ad
1861 5439 2148 5502 eandem
2203 5447 2415 5502 totam
2462 5439 2907 5522 septimanam
2954 5441 3090 5502 duo
3135 5459 3300 5502 vasa
3344 5438 3623 5502 ceruisie
3666 5460 3793 5523 pro
3838 5441 4083 5504 brazeo
4125 5442 4211 5505 de

1023 5543 1423 5609 molendinis
1469 5553 1871 5627 comparata.

1236 5652 1410 5715 Item
1457 5652 1694 5714 sabato
1740 5653 2051 5735 proximo
2097 5662 2252 5716 ante
2310 5651 2555 5717 festum
2602 5653 2814 5718 sancti
2860 5653 3177 5718 Stanislai
3222 5654 3379 5740 (615)
3444 5666 3514 5719 et
3558 5665 4053 5740 consequenter
4095 5656 4211 5720 do-
