4592 6559
748 521 1127 587 REJESTRA
1171 508 1596 584 wffrRoBm
1645 521 2300 584 meKoRzAchY
2350 523 3011 574 KRAKOWSKIEGO.
3069 531 3250 588 1419.
3474 528 3595 589 537

407 721 441 784 I
489 722 735 786 octuali
801 723 1220 787 Bochnensis
1281 723 1578 797 ceruisie‚
1641 744 1765 786 vas
1829 725 2175 806 quodlibet
2239 725 2625 807 recipiendo
2690 746 2811 808 per
2866 725 2968 787 III
3014 725 3159 788 fert.
3224 726 3393 787 duas
3441 744 3602 786 mar.

407 829 554 894 XV
599 840 759 895 scot.

623 938 796 1002 Item
844 939 1205 1020 pistoribus
1249 939 1626 1024 regalibus:
1689 940 1849 1003 item
1915 961 2118 1024 super
2181 942 2468 1004 eandem
2533 950 2745 1005 totam
2810 941 3179 1004 stacionem
3246 941 3383 1003 duo
3428 938 3604 1002 sacci

405 1044 635 1121 farine,
681 1067 892 1110 vnum
937 1047 1268 1112 triticeum
1316 1058 1384 1111 et
1430 1047 1632 1110 alium
1679 1047 1976 1132 siliginis
2023 1049 2138 1130 qui
2182 1047 2438 1112 faciunt
2482 1049 2548 1111 in
2598 1059 2739 1112 toto
2786 1049 2896 1131 ΙΙΙ,
2946 1070 3106 1113 mar.
3154 1068 3308 1112 curn
3354 1047 3458 1110 VI
3506 1067 3605 1131 gr.

408 1151 570 1218 item
618 1175 741 1236 pro
786 1175 1034 1218 nouem
1082 1155 1296 1218 centis
1339 1175 1660 1228 murorum,
1718 1156 2066 1238 quodlibet
2112 1167 2382 1219 centum
2433 1156 2757 1238 capiendo
2804 1177 2926 1238 per
2972 1156 3271 1239 quinque
3316 1175 3605 1239 grossos

406 1259 567 1323 facit
613 1282 908 1325 marcam
957 1263 1176 1327 minus
1220 1263 1434 1326 tribus
1480 1263 1751 1346 grossis
1805 1263 1964 1326 item
2012 1283 2136 1345 pro
2184 1264 2402 1326 butiro
2450 1267 2720 1339 mundo,
2769 1265 2925 1347 quia
2969 1265 3149 1328 idem
3198 1265 3283 1326 de
3329 1262 3603 1345 expedi-

409 1367 602 1431 cione
647 1389 783 1432 non
830 1371 1042 1433 valuit
1087 1370 1198 1444 eiS,
1247 1369 1561 1434 videlicet
1602 1391 1726 1452 pro
1770 1370 1984 1433 tribus
2030 1371 2178 1433 ollis
2223 1369 2385 1434 facit
2429 1371 2608 1434 XIII
2653 1392 2743 1436 sc.

627 1477 796 1540 Item
845 1479 1084 1541 eadem
1131 1459 1241 1540 die
1287 1478 1564 1560 dyeario
1610 1499 1735 1558 pro
1799 1477 2274 1540 distribuendis
2339 1479 2586 1561 dyerijs
2649 1479 2932 1542 ducibus
2996 1489 3065 1542 et
3128 1479 3495 1542 baronibus
3540 1487 3612 1540 et

409 1584 759 1665 quibusuis
825 1583 1223 1648 officialibus
1288 1585 1542 1648 domini
1608 1585 1862 1668 Regis:
1927 1605 2050 1666 pro
2113 1585 2408 1667 piscibus
2472 1587 2855 1649 recentibus
2920 1589 3007 1649 ad
3074 1586 3607 1649 distribuendum

409 1691 700 1773 dyearia,
749 1692 906 1774 quia
951 1692 1058 1776 alij
1107 1693 1349 1777 proprij
1401 1691 1686 1767 fuerunt,
1732 1692 1842 1773 ΙΙΙ,
1903 1713 2063 1754 mar.
2109 1692 2270 1755 item
2319 1714 2443 1775 pro
2480 1694 2813 1777 angwillis
2850 1693 3105 1777 patebit
3150 1695 3217 1756 in
3264 1701 3608 1776 apparatu,

407 1797 572 1862 item
619 1818 741 1881 pro
786 1800 999 1863 tribus
1046 1800 1276 1864 cendis
1325 1801 1398 1882 (s)
1464 1819 1766 1863 oworum
1814 1798 1958 1862 XV
2006 1820 2105 1884 gr.
2170 1801 2333 1862 item
2400 1811 2660 1884 septem
2728 1821 3077 1885 sexagene
3123 1820 3475 1864 caseorum
3524 1801 3609 1862 de

407 1905 662 1988 zuppis‚
707 1907 868 1970 item
913 1907 1210 1971 butirum
1259 1907 1382 1970 fuit
1427 1909 1512 1971 de
1560 1906 2018 1989 expedicione,
2082 1906 2241 1969 item
2290 1919 2583 1990 quatuor
2629 1908 2764 1970 cori
2815 1909 2971 1992 milij
3022 1910 3106 1972 de
3155 1908 3402 1990 zuppiS,
3450 1907 3608 1969 item

411 2014 548 2076 duo
595 2013 732 2077 cori
777 2015 1050 2078 seminis
1115 2015 1349 2097 canapi
1414 2036 1538 2098 pro
1586 2015 1877 2080 Rutenis
1943 2015 2435 2098 yeiunantibus,
2504 2017 2589 2078 de
2655 2015 3101 2098 expedicione
3166 2023 3610 2087 remanenteS‚

411 2119 571 2184 item
621 2121 846 2184 oleum
891 2123 1150 2204 patebit
1195 2123 1262 2185 in
1311 2133 1636 2205 apparatu
1684 2143 1807 2204 pro
1855 2123 2150 2186 Rutenis
2197 2125 2447 2198 datum,
2495 2123 2653 2185 item
2702 2143 2825 2205 pro
2873 2123 3167 2185 semellis
3212 2121 3611 2185 distribuen-

411 2227 516 2290 dis
562 2229 648 2291 ad
695 2229 972 2311 dyearia
1014 2229 1162 2293 fert.
1228 2231 1389 2293 item
1456 2231 1672 2293 eidem
1740 2231 2015 2313 dyeario
2081 2250 2327 2292 nouem
2396 2251 2560 2294 vasa
2623 2229 2901 2293 ceruisie
2966 2239 3034 2292 et
3088 2249 3297 2292 vnum
3345 2229 3613 2291 octuale

411 2334 834 2399 Bochnensis
879 2337 1176 2413 ceruisie,
1224 2338 1573 2421 quodlibet
1618 2339 1883 2401 octuale
1929 2338 2315 2420 recipiendo
2360 2358 2483 2420 per
2526 2347 2663 2400 tres
2707 2335 3005 2400 fertones
3050 2347 3120 2400 et
3156 2335 3313 2398 facit
3349 2344 3605 2418 septem

413 2463 677 2507 marcas
723 2464 878 2508 cum
926 2444 1027 2507 VI
1074 2446 1295 2510 scotis,

627 2549 913 2615 Summa
955 2553 1154 2616 huius
1199 2553 1330 2616 diei
1375 2551 1532 2616 facit
1578 2554 1763 2616 XIX
1811 2575 1971 2618 mar.
2013 2554 2226 2617 XIIII
2271 2565 2434 2618 scot.

629 2659 802 2722 Item
847 2659 1014 2723 feria
1060 2660 1296 2742 quinta
1341 2661 1588 2744 (23s11)
1635 2663 1948 2725 dominus
2014 2663 2180 2725 Rex
2243 2671 2347 2724 est
2410 2683 2693 2744 pransus
2758 2680 2964 2744 super
3028 2659 3348 2724 Posclma.
3438 2658 3609 2721 Item

415 2785 590 2828 vnus
637 2767 810 2830 aries
853 2768 941 2830 de
986 2769 1235 2850 zuppis,
1298 2768 1458 2830 item
1525 2789 1732 2832 vnum
1799 2790 2006 2853 pecus
2072 2771 2305 2833 viuum
2369 2789 2493 2852 pro
2541 2789 2782 2844 marca,
2846 2769 3007 2832 item
3075 2788 3285 2831 vnum
3332 2786 3610 2849 porcum

415 2874 649 2937 viuum
696 2895 817 2957 pro
866 2895 1109 2950 marca,
1173 2876 1333 2939 item
1380 2897 1504 2959 pro
1551 2876 1791 2959 viginti
1856 2886 2146 2958 quatuor
2208 2877 2424 2959 pulliS,
2490 2877 2872 2959 recipiendo
2920 2875 3287 2958 quemlibet
3352 2875 3611 2957 pullum

415 3001 538 3062 per
583 2981 881 3064 quinque
927 2984 1348 3065 quadrenteS,
1397 2993 1469 3046 et
1512 2982 1671 3046 facit
1719 2984 1791 3046 X
1837 2985 2000 3048 s'cot.
2066 2985 2223 3046 item
2293 2995 2586 3065 quatuor
2647 3003 2940 3067 capones
3006 3004 3127 3067 per
3172 2984 3203 3046 I
3218 2985 3282 3066 ¹12
3343 3003 3441 3066 gr.
3488 3003 3615 3045 sex

416 3109 518 3172 gr.
563 3089 722 3152 item
769 3109 894 3171 pro
940 3110 1066 3153 sex
1112 3091 1296 3155 aucis
1342 3091 1773 3175 inpingwatis
1819 3091 1954 3153 VII
2003 3112 2101 3175 gr.
2148 3093 2309 3154 item
2354 3112 2479 3174 pro
2526 3092 2819 3155 semellis
2866 3090 2931 3152 V
2979 3112 3077 3175 gr.
3125 3091 3284 3153 item
3331 3109 3455 3171 pro
3504 3089 3614 3152 tri-

416 3196 546 3259 bus
592 3197 968 3261 octualibus
1011 3198 1290 3262 ceruisie
1337 3218 1498 3262 mar.
1545 3218 1698 3261 cum
1747 3198 1849 3260 VI
1897 3218 1996 3283 gr.

633 3303 800 3367 Item
851 3306 936 3369 ad
985 3306 1344 3388 coquinam
1391 3306 1646 3370 domini
1710 3305 1932 3391 Regis
1976 3327 2099 3388 pro
2144 3306 2397 3370 familia
2460 3307 2667 3388 ipsius
2731 3316 2800 3370 et
2844 3327 2967 3389 pro
3014 3326 3181 3369 cena
3227 3304 3367 3369 Sue
3414 3303 3609 3368 Sere-

415 3411 660 3486 nitatiS,
706 3411 852 3493 ipso
898 3409 998 3476 de'
1032 3433 1273 3496 campo
1338 3415 1684 3476 veniente:
1751 3415 1908 3476 item
1967 3415 2102 3476 duo
2167 3434 2468 3496 peccora,
2534 3434 2708 3477 vnus
2754 3415 2881 3477 bos
2926 3422 2997 3476 et
3042 3432 3270 3486 vacca,
3316 3414 3443 3475 bos
3486 3431 3612 3495 pro

415 3539 646 3582 marca
692 3527 761 3580 et
804 3518 909 3582 VI
955 3540 1056 3604 gr.
1119 3540 1330 3585 vacca
1392 3542 1516 3603 pro
1561 3521 1664 3583 III
1711 3520 2084 3585 fertonibus
2149 3519 2309 3583 facit
2356 3521 2424 3583 II
2472 3541 2633 3584 mar.
2700 3521 2921 3584 minus
2966 3518 3068 3582 VI
3117 3540 3220 3604 gr.
3266 3519 3427 3582 item
3476 3521 3614 3582 duo

415 3627 660 3690 arietes
706 3628 792 3690 de
837 3628 1088 3710 zuppiS,
1133 3628 1296 3692 item
1342 3649 1466 3711 pro
1513 3649 1720 3711 porco
1768 3629 1926 3692 viuo
1975 3649 2135 3692 mar.
2182 3629 2343 3691 item
2389 3639 2527 3692 tres
2564 3649 2772 3711 parne
2819 3627 2895 3709 (s)
2935 3627 3237 3691 carnium
3283 3627 3615 3690 salsorum

415 3736 504 3797 de
551 3735 800 3817 zuppis,
845 3735 1006 3798 item
1053 3755 1189 3798 vna
1233 3756 1447 3818 parua
1507 3735 1678 3798 lardi
1741 3735 2348 3819 expedicionalium
2398 3737 2491 3819 (s),
2555 3736 2715 3799 item
2763 3755 2885 3817 pro
2945 3734 3186 3818 viginti
3232 3744 3302 3797 et
3346 3743 3616 3797 centum

417 3841 634 3923 pullis,
681 3841 1008 3924 capiendo
1055 3843 1424 3925 quemlibet
1486 3843 1746 3925 pullum
1810 3863 1932 3925 pro
1998 3843 2294 3924 quinque
2362 3844 2682 3924 quadren.
2745 3840 2903 3905 facit
2949 3843 3118 3905 duas
3167 3861 3326 3904 mar.
3373 3841 3407 3902 I
3453 3851 3617 3904 scot.

417 3967 546 4010 sex
591 3949 741 4012 den.
787 3949 946 4012 item
993 3969 1116 4031 pro
1163 3943 1520 4014 duodecim
1584 3951 1953 4032 caponibus
2001 3971 2121 4030 per
2165 3950 2277 4032 ΙΙΙ,
2338 3970 2437 4033 gr.
2502 3949 2870 4032 quemlibet
2933 3949 3263 4030 capiendo
3328 3958 3398 4012 et
3460 3947 3619 4010 facit

419 4054 528 4117 IX
575 4063 740 4119 scot.
801 4056 962 4120 item
1027 4076 1152 4138 pro
1215 4056 1360 4120 XII
1424 4057 1623 4131 auciS‚
1687 4057 2072 4139 recipiendo
2124 4057 2495 4139 quamlibet
2557 4077 2680 4139 per
2726 4077 2823 4140 gr.
2878 4054 3224 4130 fertonem,
3290 4056 3446 4118 item
3494 4075 3619 4138 pro

418 4162 595 4226 lacte
642 4171 710 4225 et
755 4183 982 4226 crema
1027 4174 1316 4246 quatuor
1359 4173 1522 4228 scot.
1567 4163 1726 4226 item
1771 4183 1894 4246 pro
1941 4165 2234 4228 semellis
2279 4165 2390 4226 XI
2438 4186 2534 4249 gr.
2598 4164 2758 4227 item
2805 4172 2961 4227 octo
3005 4163 3297 4226 octualia
3344 4163 3619 4226 ceruisie

421 4268 534 4332 uel
579 4279 869 4351 quatuor
915 4291 1095 4346 vasa,
1161 4271 1511 4354 quodlibet
1573 4291 1695 4334 vas
1758 4272 2142 4354 recipiendo
2189 4293 2313 4354 per
2354 4272 2461 4334 III
2507 4271 2651 4334 fert.
2718 4282 2854 4335 tres
2902 4291 3060 4333 mar.
3107 4270 3267 4332 item
3315 4291 3437 4352 pro
3484 4272 3619 4334 olla

417 4375 648 4440 aruine
711 4375 956 4442 frlxate
1001 4378 1182 4440 XIII
1229 4399 1328 4464 gr.
1373 4378 1534 4442 item
1581 4399 1703 4462 pro
1749 4380 1782 4442 Ι
1799 4380 1860 4463 ll,
1919 4399 2081 4442 coro
2127 4379 2252 4462 pisi
2300 4379 2513 4462 V111J,
2573 4400 2673 4463 gr.
2741 4379 2902 4441 item
2950 4397 3073 4460 pro
3120 4397 3278 4441 coro
3326 4377 3483 4461 milij
3534 4379 3621 4440 de

419 4483 669 4566 zuppis.

633 4590 1005 4654 Pistoribus
1067 4593 1442 4677 regalibus:
1508 4595 1666 4658 item
1734 4615 1856 4677 pro
1903 4595 2050 4658 VIC
2096 4615 2421 4671 oworum,
2488 4595 2835 4677 quodlibet
2899 4603 3171 4658 centum
3236 4592 3619 4676 recipiendo

417 4717 540 4780 per
585 4695 652 4758 V
700 4717 800 4782 gr.
846 4698 991 4760 XV
1037 4709 1198 4764 scot.
1245 4701 1407 4765 item
1454 4723 1577 4784 pro
1623 4712 1914 4785 quatuor
1957 4699 2106 4766 ollis
2151 4703 2355 4766 butiri
2400 4702 2618 4765 XIIII
2664 4713 2830 4766 scot.

633 4804 808 4868 Item
853 4804 1206 4871 distributa
1251 4809 1636 4893 dyeriorum
1683 4829 1804 4891 per
1846 4809 2234 4893 dyearium:
2300 4810 2459 4872 item
2527 4809 2825 4891 quinque
2888 4828 3175 4892 peccora
3238 4808 3623 4872 communia

417 4930 542 4993 per
583 4921 722 4974 tres
769 4910 1064 4977 fertones
1109 4924 1398 4998 quatuor
1442 4937 1605 4980 mar.
1653 4917 1874 4979 minus
1919 4915 2198 4990 fertone,
2263 4917 2423 4980 item
2490 4919 2726 4980 decem
2793 4916 3035 4979 arietes
3083 4917 3172 4978 ad
3216 4915 3492 4998 dyearia
3538 4917 3624 4977 de

422 5018 675 5101 zuppiS,
721 5019 880 5082 item
929 5021 1257 5086 ducentos
1321 5024 1542 5106 pullos
1610 5032 1678 5086 et
1725 5023 1965 5107 viginti
2029 5043 2149 5105 per
2213 5023 2509 5106 quinque
2574 5025 2981 5105 quadrentes
3046 5023 3415 5106 quemlibet
3460 5022 3623 5085 reci-

418 5124 666 5207 piendo
713 5127 802 5190 ad
846 5129 1126 5210 dyearia
1167 5129 1646 5204 distribuenda,
1712 5141 1850 5193 tres
1895 5151 2056 5194 mar.
2103 5129 2319 5193 XVII
2366 5140 2529 5193 scot.
2578 5130 2679 5192 VI
2726 5131 2953 5192 denar.
3000 5130 3161 5192 item
3208 5139 3365 5192 octo
3414 5149 3621 5211 parne

419 5231 720 5296 carnium
767 5235 1095 5300 salsorum
1145 5239 1232 5300 de
1278 5237 1526 5320 zuppis,
1573 5237 1735 5300 item
1783 5239 1916 5299 due
1961 5257 2274 5301 mensure
2322 5237 2447 5319 pisi
2494 5239 2580 5299 de
2628 5237 2876 5319 zuppiS,
2923 5237 3080 5299 item
3130 5237 3262 5300 due
3311 5256 3625 5298 mensure

419 5338 580 5423 milij
631 5339 718 5402 de
763 5341 1016 5423 zuppiS,
1060 5343 1221 5406 item
1267 5364 1391 5426 pro
1439 5343 1732 5407 semellis
1780 5344 1888 5406 IX
1937 5364 2038 5427 gr.

635 5445 808 5510 Item
859 5449 1152 5514 Rutenis
1196 5451 1644 5514 ieiunantibus
1709 5472 1831 5533 pro
1887 5451 2179 5534 piscibus
2243 5452 2626 5514 recentibus
2671 5451 2894 5514 media
2939 5471 3100 5514 mar.
3164 5449 3325 5514 item
3373 5449 3625 5512 eisdem

417 5553 718 5617 Rutenis
761 5554 980 5636 pisces
1025 5555 1198 5634 sicci,
1245 5559 1358 5641 qui
1404 5557 1679 5622 fuerunt
1726 5559 1812 5622 de
1859 5559 2108 5641 zuppis,
2155 5568 2315 5623 sunt
2360 5559 2499 5621 dati
2562 5559 2651 5622 ad
2698 5579 2930 5622 eorum
2978 5557 3230 5641 dyeria‚
3294 5556 3453 5621 item
3503 5557 3625 5619 eis-

418 5662 578 5724 dem
626 5660 922 5728 Rutenis
968 5664 1078 5747 I¹l,
1137 5685 1368 5730 corum
1416 5668 1503 5730 de
1548 5666 1806 5728 semine
1851 5666 2091 5748 canapi
2137 5667 2222 5729 de
2271 5667 2514 5741 alodio,
2579 5667 2740 5728 item
2806 5667 3029 5728 oleum
3097 5663 3353 5748 patebit
3400 5665 3465 5726 in
3511 5684 3627 5745 ap·

637 5801 924 5846 nomm-nt-
949 5803 1088 5847 modii
1115 5804 1230 5848 uvi.
1261 5805 1310 5846 τ.
1341 5803 1438 5847 xv.
3346 5789 3413 5840 68
