<?xml version="1.0" encoding="UTF-8"?>
<!DOCTYPE html PUBLIC "-//W3C//DTD XHTML 1.0 Transitional//EN"
    "http://www.w3.org/TR/xhtml1/DTD/xhtml1-transitional.dtd">
<html xmlns="http://www.w3.org/1999/xhtml" xml:lang="en" lang="en">
 <head>
  <title>
</title>
<meta http-equiv="Content-Type" content="text/html;charset=utf-8" />
  <meta name='ocr-system' content='tesseract 3.04.00' />
  <meta name='ocr-capabilities' content='ocr_page ocr_carea ocr_par ocr_line ocrx_word'/>
</head>
<body>
  <div class='ocr_page' id='page_1' title='image "./rachunkidworukr00unkngoog_0208.png"; bbox 0 0 4592 6559; ppageno 0'>
   <div class='ocr_carea' id='block_1_1' title="bbox 1211 502 3617 569">
    <p class='ocr_par' dir='ltr' id='par_1_1' title="bbox 1211 502 3617 569">
     <span class='ocr_line' id='line_1_1' title="bbox 1211 502 3617 569; baseline 0 -19"><span class='ocrx_word' id='word_1_1' title='bbox 1211 502 1586 567; x_wconf 79' lang='lat' dir='ltr'>REJESTRA</span> <span class='ocrx_word' id='word_1_2' title='bbox 1639 502 2228 551; x_wconf 75' lang='lat' dir='ltr'><strong>PODSKARBIEGO</strong></span> <span class='ocrx_word' id='word_1_3' title='bbox 2275 502 2610 551; x_wconf 86' lang='lat' dir='ltr'>HINCZKI.</span> <span class='ocrx_word' id='word_1_4' title='bbox 2666 508 2850 569; x_wconf 81' lang='grc'><strong>1394.</strong></span> <span class='ocrx_word' id='word_1_5' title='bbox 3504 510 3617 569; x_wconf 83' lang='grc'>197</span> 
     </span>
    </p>
   </div>
   <div class='ocr_carea' id='block_1_2' title="bbox 419 700 3623 1323">
    <p class='ocr_par' dir='ltr' id='par_1_2' title="bbox 421 700 3623 872">
     <span class='ocr_line' id='line_1_2' title="bbox 422 700 3623 787; baseline 0 -24"><span class='ocrx_word' id='word_1_6' title='bbox 422 701 582 763; x_wconf 90' lang='lat' dir='ltr'>item</span> <span class='ocrx_word' id='word_1_7' title='bbox 630 700 936 764; x_wconf 87' lang='lat' dir='ltr'>Morawe</span> <span class='ocrx_word' id='word_1_8' title='bbox 981 701 1290 765; x_wconf 90' lang='lat' dir='ltr'>Bohemo</span> <span class='ocrx_word' id='word_1_9' title='bbox 1336 702 1622 765; x_wconf 88' lang='lat' dir='ltr'>curiensi</span> <span class='ocrx_word' id='word_1_10' title='bbox 1667 702 1783 764; x_wconf 89' lang='lat' dir='ltr'>dni</span> <span class='ocrx_word' id='word_1_11' title='bbox 1847 702 2069 786; x_wconf 84' lang='lat' dir='ltr'>Regis</span> <span class='ocrx_word' id='word_1_12' title='bbox 2115 704 2202 765; x_wconf 91' lang='lat' dir='ltr'>ad</span> <span class='ocrx_word' id='word_1_13' title='bbox 2265 702 2525 766; x_wconf 82' lang='lat' dir='ltr'>literam</span> <span class='ocrx_word' id='word_1_14' title='bbox 2590 702 2795 784; x_wconf 86' lang='lat' dir='ltr'>ipsius</span> <span class='ocrx_word' id='word_1_15' title='bbox 2860 703 2975 766; x_wconf 91' lang='lat' dir='ltr'>dni</span> <span class='ocrx_word' id='word_1_16' title='bbox 3040 703 3261 787; x_wconf 86' lang='lat' dir='ltr'>Regis</span> <span class='ocrx_word' id='word_1_17' title='bbox 3306 724 3428 786; x_wconf 91' lang='lat' dir='ltr'>pro</span> <span class='ocrx_word' id='word_1_18' title='bbox 3475 723 3623 785; x_wconf 89' lang='lat' dir='ltr'>spa-</span> 
     </span>
     <span class='ocr_line' id='line_1_3' title="bbox 421 807 1122 872; baseline 0.004 -3"><span class='ocrx_word' id='word_1_19' title='bbox 421 807 600 870; x_wconf 90' lang='lat' dir='ltr'>done</span> <span class='ocrx_word' id='word_1_20' title='bbox 645 808 875 871; x_wconf 86' lang='lat' dir='ltr'>XXX</span> <span class='ocrx_word' id='word_1_21' title='bbox 921 828 1122 872; x_wconf 88' lang='lat' dir='ltr'>marc.</span> 
     </span>
    </p>

    <p class='ocr_par' dir='ltr' id='par_1_3' title="bbox 421 913 3151 1001">
     <span class='ocr_line' id='line_1_4' title="bbox 421 913 3151 1001; baseline 0.001 -24"><span class='ocrx_word' id='word_1_22' title='bbox 421 914 579 977; x_wconf 90' lang='lat' dir='ltr'>item</span> <span class='ocrx_word' id='word_1_23' title='bbox 628 913 974 980; x_wconf 87' lang='lat' dir='ltr'>Starczino</span> <span class='ocrx_word' id='word_1_24' title='bbox 1021 916 1360 980; x_wconf 86' lang='lat' dir='ltr'>balistario</span> <span class='ocrx_word' id='word_1_25' title='bbox 1405 937 1530 998; x_wconf 93' lang='lat' dir='ltr'>pro</span> <span class='ocrx_word' id='word_1_26' title='bbox 1576 937 1752 999; x_wconf 91' lang='lat' dir='ltr'>equo</span> <span class='ocrx_word' id='word_1_27' title='bbox 1800 918 1887 980; x_wconf 90' lang='lat' dir='ltr'>ad</span> <span class='ocrx_word' id='word_1_28' title='bbox 1933 917 2326 981; x_wconf 85' lang='lat' dir='ltr'>mandatum</span> <span class='ocrx_word' id='word_1_29' title='bbox 2376 917 2489 979; x_wconf 91' lang='lat' dir='ltr'>dni</span> <span class='ocrx_word' id='word_1_30' title='bbox 2536 917 2758 1001; x_wconf 87' lang='lat' dir='ltr'>Regis</span> <span class='ocrx_word' id='word_1_31' title='bbox 2802 916 2905 980; x_wconf 92' lang='lat' dir='ltr'>VI</span> <span class='ocrx_word' id='word_1_32' title='bbox 2953 938 3151 981; x_wconf 89' lang='lat' dir='ltr'>mare.</span> 
     </span>
    </p>

    <p class='ocr_par' dir='ltr' id='par_1_4' title="bbox 424 1022 2046 1109">
     <span class='ocr_line' id='line_1_5' title="bbox 424 1022 2046 1109; baseline 0.002 -25"><span class='ocrx_word' id='word_1_33' title='bbox 424 1022 586 1085; x_wconf 89' lang='lat' dir='ltr'>item</span> <span class='ocrx_word' id='word_1_34' title='bbox 633 1043 758 1104; x_wconf 91' lang='lat' dir='ltr'>pro</span> <span class='ocrx_word' id='word_1_35' title='bbox 805 1043 981 1106; x_wconf 92' lang='lat' dir='ltr'>equo</span> <span class='ocrx_word' id='word_1_36' title='bbox 1028 1025 1166 1087; x_wconf 92' lang='lat' dir='ltr'>dno</span> <span class='ocrx_word' id='word_1_37' title='bbox 1213 1024 1401 1109; x_wconf 86' lang='lat' dir='ltr'>Regi</span> <span class='ocrx_word' id='word_1_38' title='bbox 1447 1035 1676 1107; x_wconf 89' lang='lat' dir='ltr'>empto</span> <span class='ocrx_word' id='word_1_39' title='bbox 1723 1024 1798 1086; x_wconf 90' lang='lat' dir='ltr'><strong>X</strong></span> <span class='ocrx_word' id='word_1_40' title='bbox 1846 1044 2046 1088; x_wconf 89' lang='lat' dir='ltr'>mare.</span> 
     </span>
    </p>

    <p class='ocr_par' dir='ltr' id='par_1_5' title="bbox 419 1128 3623 1323">
     <span class='ocr_line' id='line_1_6' title="bbox 423 1128 3623 1215; baseline 0.001 -25"><span class='ocrx_word' id='word_1_41' title='bbox 423 1128 582 1191; x_wconf 91' lang='lat' dir='ltr'>item</span> <span class='ocrx_word' id='word_1_42' title='bbox 628 1150 752 1212; x_wconf 92' lang='lat' dir='ltr'>pro</span> <span class='ocrx_word' id='word_1_43' title='bbox 796 1130 867 1191; x_wconf 88' lang='lat' dir='ltr'>V</span> <span class='ocrx_word' id='word_1_44' title='bbox 914 1151 1115 1194; x_wconf 90' lang='lat' dir='ltr'>mare.</span> <span class='ocrx_word' id='word_1_45' title='bbox 1163 1151 1341 1215; x_wconf 84' lang='lat' dir='ltr'>gros,</span> <span class='ocrx_word' id='word_1_46' title='bbox 1390 1134 1677 1195; x_wconf 88' lang='lat' dir='ltr'>latorum</span> <span class='ocrx_word' id='word_1_47' title='bbox 1748 1132 1918 1195; x_wconf 84' lang='lat' dir='ltr'>datis</span> <span class='ocrx_word' id='word_1_48' title='bbox 1964 1131 2267 1215; x_wconf 87' lang='lat' dir='ltr'>pradicto</span> <span class='ocrx_word' id='word_1_49' title='bbox 2316 1132 2619 1196; x_wconf 89' lang='lat' dir='ltr'>Morawe</span> <span class='ocrx_word' id='word_1_50' title='bbox 2681 1152 2806 1215; x_wconf 90' lang='lat' dir='ltr'>pro</span> <span class='ocrx_word' id='word_1_51' title='bbox 2854 1132 3167 1215; x_wconf 84' lang='lat' dir='ltr'><strong>expensis</strong></span> <span class='ocrx_word' id='word_1_52' title='bbox 3220 1152 3447 1195; x_wconf 88' lang='lat' dir='ltr'>versus</span> <span class='ocrx_word' id='word_1_53' title='bbox 3492 1131 3623 1194; x_wconf 91' lang='lat' dir='ltr'>Bo-</span> 
     </span>
     <span class='ocr_line' id='line_1_7' title="bbox 419 1236 2321 1323; baseline 0.002 -24"><span class='ocrx_word' id='word_1_54' title='bbox 419 1236 728 1310; x_wconf 88' lang='lat' dir='ltr'>hemiam,</span> <span class='ocrx_word' id='word_1_55' title='bbox 776 1237 981 1301; x_wconf 87' lang='lat' dir='ltr'>misso</span> <span class='ocrx_word' id='word_1_56' title='bbox 1027 1238 1094 1301; x_wconf 90' lang='lat' dir='ltr'>in</span> <span class='ocrx_word' id='word_1_57' title='bbox 1144 1239 1494 1322; x_wconf 85' lang='lat' dir='ltr'>legacione</span> <span class='ocrx_word' id='word_1_58' title='bbox 1543 1238 1657 1301; x_wconf 90' lang='lat' dir='ltr'>dni</span> <span class='ocrx_word' id='word_1_59' title='bbox 1704 1239 1925 1323; x_wconf 85' lang='lat' dir='ltr'>Regis</span> <span class='ocrx_word' id='word_1_60' title='bbox 1971 1238 2075 1302; x_wconf 95' lang='lat' dir='ltr'>VI</span> <span class='ocrx_word' id='word_1_61' title='bbox 2121 1259 2321 1303; x_wconf 90' lang='lat' dir='ltr'>mare.</span> 
     </span>
    </p>
   </div>
   <div class='ocr_carea' id='block_1_3' title="bbox 632 1342 3620 1537">
    <p class='ocr_par' dir='ltr' id='par_1_6' title="bbox 632 1342 3620 1537">
     <span class='ocr_line' id='line_1_8' title="bbox 635 1342 3499 1439; baseline 0.002 -31"><span class='ocrx_word' id='word_1_62' title='bbox 635 1342 918 1408; x_wconf 89' lang='lat' dir='ltr'>Summa</span> <span class='ocrx_word' id='word_1_63' title='bbox 964 1345 1122 1409; x_wconf 90' lang='lat' dir='ltr'>CVI</span> <span class='ocrx_word' id='word_1_64' title='bbox 1170 1366 1369 1409; x_wconf 89' lang='lat' dir='ltr'>marc.</span> <span class='ocrx_word' id='word_1_65' title='bbox 3492 1434 3499 1439; x_wconf 21' lang='grc' dir='ltr'><em>ι</em></span> 
     </span>
     <span class='ocr_line' id='line_1_9' title="bbox 632 1451 3620 1537; baseline 0 -23"><span class='ocrx_word' id='word_1_66' title='bbox 632 1451 804 1515; x_wconf 90' lang='lat' dir='ltr'>Item</span> <span class='ocrx_word' id='word_1_67' title='bbox 851 1473 975 1535; x_wconf 92' lang='lat' dir='ltr'>pro</span> <span class='ocrx_word' id='word_1_68' title='bbox 1023 1473 1164 1516; x_wconf 82' lang='lat' dir='ltr'>maz</span> <span class='ocrx_word' id='word_1_69' title='bbox 1207 1463 1368 1516; x_wconf 90' lang='lat' dir='ltr'>tunc</span> <span class='ocrx_word' id='word_1_70' title='bbox 1413 1454 1750 1535; x_wconf 83' lang='lat' dir='ltr'>temporiS‚</span> <span class='ocrx_word' id='word_1_71' title='bbox 1797 1455 2071 1537; x_wconf 91' lang='lat' dir='ltr'>quando</span> <span class='ocrx_word' id='word_1_72' title='bbox 2118 1454 2292 1517; x_wconf 86' lang='lat' dir='ltr'>dnus</span> <span class='ocrx_word' id='word_1_73' title='bbox 2340 1454 2547 1535; x_wconf 84' lang='lat' dir='ltr'>(Rex)</span> <span class='ocrx_word' id='word_1_74' title='bbox 2612 1463 2835 1517; x_wconf 89' lang='lat' dir='ltr'>motus</span> <span class='ocrx_word' id='word_1_75' title='bbox 2906 1466 3007 1517; x_wconf 87' lang='lat' dir='ltr'>est</span> <span class='ocrx_word' id='word_1_76' title='bbox 3053 1454 3137 1517; x_wconf 90' lang='lat' dir='ltr'>de</span> <span class='ocrx_word' id='word_1_77' title='bbox 3185 1452 3509 1517; x_wconf 89' lang='lat' dir='ltr'>Cracouia</span> <span class='ocrx_word' id='word_1_78' title='bbox 3555 1453 3620 1515; x_wconf 92' lang='lat' dir='ltr'>in</span> 
     </span>
    </p>
   </div>
   <div class='ocr_carea' id='block_1_4' title="bbox 416 1557 3624 3253">
    <p class='ocr_par' dir='ltr' id='par_1_7' title="bbox 419 1557 2625 1643">
     <span class='ocr_line' id='line_1_10' title="bbox 419 1557 2625 1643; baseline 0.003 -24"><span class='ocrx_word' id='word_1_79' title='bbox 419 1557 889 1641; x_wconf 56' lang='lat' dir='ltr'>Nepolomztza</span> <span class='ocrx_word' id='word_1_80' title='bbox 938 1561 1180 1623; x_wconf 90' lang='lat' dir='ltr'>deinde</span> <span class='ocrx_word' id='word_1_81' title='bbox 1219 1561 1624 1623; x_wconf 79' lang='lat' dir='ltr'>transiturus</span> <span class='ocrx_word' id='word_1_82' title='bbox 1671 1563 1758 1624; x_wconf 91' lang='lat' dir='ltr'>ad</span> <span class='ocrx_word' id='word_1_83' title='bbox 1806 1561 2164 1625; x_wconf 86' lang='lat' dir='ltr'>Russziam</span> <span class='ocrx_word' id='word_1_84' title='bbox 2214 1562 2403 1625; x_wconf 91' lang='lat' dir='ltr'>XXI</span> <span class='ocrx_word' id='word_1_85' title='bbox 2417 1561 2478 1643; x_wconf 75' lang='lat' dir='ltr'>¹l2</span> <span class='ocrx_word' id='word_1_86' title='bbox 2537 1582 2625 1625; x_wconf 88' lang='lat' dir='ltr'>se.</span> 
     </span>
    </p>

    <p class='ocr_par' dir='ltr' id='par_1_8' title="bbox 418 1663 3042 1753">
     <span class='ocr_line' id='line_1_11' title="bbox 418 1663 3042 1753; baseline 0.003 -28"><span class='ocrx_word' id='word_1_87' title='bbox 418 1663 578 1727; x_wconf 91' lang='lat' dir='ltr'>item</span> <span class='ocrx_word' id='word_1_88' title='bbox 627 1685 748 1747; x_wconf 92' lang='lat' dir='ltr'>pro</span> <span class='ocrx_word' id='word_1_89' title='bbox 795 1666 1082 1751; x_wconf 86' lang='lat' dir='ltr'>flagellis</span> <span class='ocrx_word' id='word_1_90' title='bbox 1127 1678 1196 1732; x_wconf 90' lang='lat' dir='ltr'>et</span> <span class='ocrx_word' id='word_1_91' title='bbox 1241 1669 1538 1752; x_wconf 89' lang='lat' dir='ltr'>ipsorum</span> <span class='ocrx_word' id='word_1_92' title='bbox 1587 1667 1900 1733; x_wconf 90' lang='lat' dir='ltr'>finalibus</span> <span class='ocrx_word' id='word_1_93' title='bbox 1947 1670 2034 1733; x_wconf 90' lang='lat' dir='ltr'>ad</span> <span class='ocrx_word' id='word_1_94' title='bbox 2079 1669 2450 1750; x_wconf 82' lang='lat' dir='ltr'>predictam</span> <span class='ocrx_word' id='word_1_95' title='bbox 2498 1669 2675 1732; x_wconf 87' lang='lat' dir='ltr'>viam</span> <span class='ocrx_word' id='word_1_96' title='bbox 2726 1669 2897 1733; x_wconf 90' lang='lat' dir='ltr'>VIII</span> <span class='ocrx_word' id='word_1_97' title='bbox 2945 1690 3042 1753; x_wconf 91' lang='lat' dir='ltr'>gr.</span> 
     </span>
    </p>

    <p class='ocr_par' dir='ltr' id='par_1_9' title="bbox 417 1770 3624 1963">
     <span class='ocr_line' id='line_1_12' title="bbox 417 1770 3624 1861; baseline 0.002 -28"><span class='ocrx_word' id='word_1_98' title='bbox 417 1770 576 1834; x_wconf 89' lang='lat' dir='ltr'>item</span> <span class='ocrx_word' id='word_1_99' title='bbox 624 1793 748 1855; x_wconf 90' lang='lat' dir='ltr'>pro</span> <span class='ocrx_word' id='word_1_100' title='bbox 795 1773 897 1837; x_wconf 95' lang='lat' dir='ltr'>IV</span> <span class='ocrx_word' id='word_1_101' title='bbox 943 1776 1105 1838; x_wconf 88' lang='lat' dir='ltr'>rotis</span> <span class='ocrx_word' id='word_1_102' title='bbox 1150 1775 1338 1861; x_wconf 88' lang='lat' dir='ltr'>ligno</span> <span class='ocrx_word' id='word_1_103' title='bbox 1386 1778 1814 1840; x_wconf 85' lang='lat' dir='ltr'>solummodo</span> <span class='ocrx_word' id='word_1_104' title='bbox 1861 1777 2118 1859; x_wconf 84' lang='lat' dir='ltr'>absque</span> <span class='ocrx_word' id='word_1_105' title='bbox 2163 1776 2565 1839; x_wconf 88' lang='lat' dir='ltr'>ferrimentis</span> <span class='ocrx_word' id='word_1_106' title='bbox 2628 1778 2716 1839; x_wconf 92' lang='lat' dir='ltr'>ad</span> <span class='ocrx_word' id='word_1_107' title='bbox 2761 1798 2970 1841; x_wconf 89' lang='lat' dir='ltr'>vnum</span> <span class='ocrx_word' id='word_1_108' title='bbox 3018 1797 3284 1840; x_wconf 90' lang='lat' dir='ltr'>currum</span> <span class='ocrx_word' id='word_1_109' title='bbox 3334 1776 3624 1840; x_wconf 83' lang='lat' dir='ltr'>thesauri</span> 
     </span>
     <span class='ocr_line' id='line_1_13' title="bbox 417 1880 958 1963; baseline 0.006 -21"><span class='ocrx_word' id='word_1_110' title='bbox 417 1880 666 1963; x_wconf 88' lang='lat' dir='ltr'>regalis</span> <span class='ocrx_word' id='word_1_111' title='bbox 711 1880 823 1944; x_wconf 90' lang='lat' dir='ltr'>IX</span> <span class='ocrx_word' id='word_1_112' title='bbox 867 1902 958 1945; x_wconf 88' lang='lat' dir='ltr'>sc.</span> 
     </span>
    </p>

    <p class='ocr_par' dir='ltr' id='par_1_10' title="bbox 418 1988 3620 2179">
     <span class='ocr_line' id='line_1_14' title="bbox 418 1988 3620 2077; baseline 0.002 -28"><span class='ocrx_word' id='word_1_113' title='bbox 418 1990 577 2049; x_wconf 90' lang='lat' dir='ltr'>item</span> <span class='ocrx_word' id='word_1_114' title='bbox 624 2008 748 2070; x_wconf 88' lang='lat' dir='ltr'>pro</span> <span class='ocrx_word' id='word_1_115' title='bbox 793 1988 1080 2073; x_wconf 83' lang='lat' dir='ltr'>cingulis</span> <span class='ocrx_word' id='word_1_116' title='bbox 1127 1991 1320 2054; x_wconf 89' lang='lat' dir='ltr'>dictis</span> <span class='ocrx_word' id='word_1_117' title='bbox 1354 1997 1727 2076; x_wconf 75' lang='lat' dir='ltr'>poprangy,</span> <span class='ocrx_word' id='word_1_118' title='bbox 1796 1990 1971 2054; x_wconf 85' lang='lat' dir='ltr'>datis</span> <span class='ocrx_word' id='word_1_119' title='bbox 2017 1991 2401 2054; x_wconf 85' lang='lat' dir='ltr'>vectoribus</span> <span class='ocrx_word' id='word_1_120' title='bbox 2470 1992 2814 2077; x_wconf 89' lang='lat' dir='ltr'>regalibus</span> <span class='ocrx_word' id='word_1_121' title='bbox 2876 1994 2963 2056; x_wconf 89' lang='lat' dir='ltr'>ad</span> <span class='ocrx_word' id='word_1_122' title='bbox 3026 1993 3396 2075; x_wconf 86' lang='lat' dir='ltr'>predictam</span> <span class='ocrx_word' id='word_1_123' title='bbox 3443 1992 3620 2054; x_wconf 89' lang='lat' dir='ltr'>viam</span> 
     </span>
     <span class='ocr_line' id='line_1_15' title="bbox 418 2092 3202 2179; baseline 0.004 -25"><span class='ocrx_word' id='word_1_124' title='bbox 418 2092 557 2157; x_wconf 94' lang='lat' dir='ltr'>VII</span> <span class='ocrx_word' id='word_1_125' title='bbox 604 2116 703 2179; x_wconf 76' lang='lat' dir='ltr'>gr.</span> <span class='ocrx_word' id='word_1_126' title='bbox 3198 2093 3202 2101; x_wconf 50' lang='lat'>⁸</span> 
     </span>
    </p>

    <p class='ocr_par' dir='ltr' id='par_1_11' title="bbox 417 2200 3622 2397">
     <span class='ocr_line' id='line_1_16' title="bbox 417 2200 3622 2290; baseline 0.001 -26"><span class='ocrx_word' id='word_1_127' title='bbox 417 2200 578 2264; x_wconf 90' lang='lat' dir='ltr'>item</span> <span class='ocrx_word' id='word_1_128' title='bbox 626 2223 748 2285; x_wconf 91' lang='lat' dir='ltr'>pro</span> <span class='ocrx_word' id='word_1_129' title='bbox 812 2205 1146 2285; x_wconf 84' lang='lat' dir='ltr'>panceriO,</span> <span class='ocrx_word' id='word_1_130' title='bbox 1214 2204 1542 2290; x_wconf 53' lang='lat' dir='ltr'>bzgwantd</span> <span class='ocrx_word' id='word_1_131' title='bbox 1607 2204 1819 2281; x_wconf 68' lang='lat' dir='ltr'>salom,</span> <span class='ocrx_word' id='word_1_132' title='bbox 1881 2206 2124 2290; x_wconf 82' lang='lat' dir='ltr'>scorky,</span> <span class='ocrx_word' id='word_1_133' title='bbox 2184 2206 2535 2270; x_wconf 88' lang='lat' dir='ltr'>cirothecis</span> <span class='ocrx_word' id='word_1_134' title='bbox 2600 2207 2753 2269; x_wconf 90' lang='lat' dir='ltr'>duci</span> <span class='ocrx_word' id='word_1_135' title='bbox 2818 2208 3081 2271; x_wconf 91' lang='lat' dir='ltr'>cuidam</span> <span class='ocrx_word' id='word_1_136' title='bbox 3149 2208 3471 2271; x_wconf 88' lang='lat' dir='ltr'>Romano</span> <span class='ocrx_word' id='word_1_137' title='bbox 3536 2207 3622 2269; x_wconf 91' lang='lat' dir='ltr'>ad</span> 
     </span>
     <span class='ocr_line' id='line_1_17' title="bbox 418 2310 1614 2397; baseline 0.006 -27"><span class='ocrx_word' id='word_1_138' title='bbox 418 2310 813 2373; x_wconf 89' lang='lat' dir='ltr'>mandatum</span> <span class='ocrx_word' id='word_1_139' title='bbox 861 2313 977 2375; x_wconf 89' lang='lat' dir='ltr'>dni</span> <span class='ocrx_word' id='word_1_140' title='bbox 1025 2313 1245 2397; x_wconf 87' lang='lat' dir='ltr'>Regis</span> <span class='ocrx_word' id='word_1_141' title='bbox 1292 2314 1368 2377; x_wconf 87' lang='lat' dir='ltr'><strong>X</strong></span> <span class='ocrx_word' id='word_1_142' title='bbox 1413 2335 1614 2377; x_wconf 87' lang='lat' dir='ltr'>maro.</span> 
     </span>
    </p>

    <p class='ocr_par' dir='ltr' id='par_1_12' title="bbox 416 2416 3619 2615">
     <span class='ocr_line' id='line_1_18' title="bbox 416 2416 3619 2505; baseline 0.003 -27"><span class='ocrx_word' id='word_1_143' title='bbox 416 2416 576 2479; x_wconf 88' lang='lat' dir='ltr'>item</span> <span class='ocrx_word' id='word_1_144' title='bbox 623 2438 746 2499; x_wconf 93' lang='lat' dir='ltr'>pro</span> <span class='ocrx_word' id='word_1_145' title='bbox 792 2416 1071 2495; x_wconf 80' lang='lat' dir='ltr'>ficubuS,</span> <span class='ocrx_word' id='word_1_146' title='bbox 1119 2422 1489 2505; x_wconf 81' lang='lat' dir='ltr'>amigdaliS,</span> <span class='ocrx_word' id='word_1_147' title='bbox 1537 2422 1771 2505; x_wconf 89' lang='lat' dir='ltr'>riszy0,</span> <span class='ocrx_word' id='word_1_148' title='bbox 1817 2422 2094 2486; x_wconf 89' lang='lat' dir='ltr'>rosincis</span> <span class='ocrx_word' id='word_1_149' title='bbox 2156 2432 2224 2484; x_wconf 90' lang='lat' dir='ltr'>et</span> <span class='ocrx_word' id='word_1_150' title='bbox 2269 2422 2515 2485; x_wconf 90' lang='lat' dir='ltr'>cimino</span> <span class='ocrx_word' id='word_1_151' title='bbox 2580 2422 2947 2505; x_wconf 88' lang='lat' dir='ltr'>pictoribus</span> <span class='ocrx_word' id='word_1_152' title='bbox 2993 2424 3081 2486; x_wconf 89' lang='lat' dir='ltr'>ad</span> <span class='ocrx_word' id='word_1_153' title='bbox 3126 2444 3175 2487; x_wconf 85' lang='lat' dir='ltr'>S.</span> <span class='ocrx_word' id='word_1_154' title='bbox 3223 2422 3506 2488; x_wconf 84' lang='lat' dir='ltr'>Crucem</span> <span class='ocrx_word' id='word_1_155' title='bbox 3554 2424 3619 2487; x_wconf 90' lang='lat' dir='ltr'>in</span> 
     </span>
     <span class='ocr_line' id='line_1_19' title="bbox 422 2522 1543 2615; baseline 0.006 -30"><span class='ocrx_word' id='word_1_156' title='bbox 422 2522 708 2588; x_wconf 65' lang='lat' dir='ltr'>Lis-sacca</span> <span class='ocrx_word' id='word_1_157' title='bbox 752 2525 785 2588; x_wconf 99' lang='lat' dir='ltr'>I</span> <span class='ocrx_word' id='word_1_158' title='bbox 798 2526 862 2607; x_wconf 65' lang='grc' dir='ltr'>ΙΙ,</span> <span class='ocrx_word' id='word_1_159' title='bbox 919 2547 1120 2591; x_wconf 88' lang='lat' dir='ltr'>mare.</span> <span class='ocrx_word' id='word_1_160' title='bbox 1537 2606 1543 2615; x_wconf 33' lang='grc' dir='ltr'>Ι</span> 
     </span>
    </p>

    <p class='ocr_par' dir='ltr' id='par_1_13' title="bbox 416 2629 3623 2828">
     <span class='ocr_line' id='line_1_20' title="bbox 416 2629 3623 2720; baseline 0.002 -28"><span class='ocrx_word' id='word_1_161' title='bbox 416 2629 576 2693; x_wconf 89' lang='lat' dir='ltr'>item</span> <span class='ocrx_word' id='word_1_162' title='bbox 624 2652 748 2714; x_wconf 91' lang='lat' dir='ltr'>pro</span> <span class='ocrx_word' id='word_1_163' title='bbox 795 2636 1235 2718; x_wconf 84' lang='lat' dir='ltr'>exempcione</span> <span class='ocrx_word' id='word_1_164' title='bbox 1283 2638 1368 2699; x_wconf 93' lang='lat' dir='ltr'>de</span> <span class='ocrx_word' id='word_1_165' title='bbox 1414 2637 1715 2719; x_wconf 92' lang='lat' dir='ltr'>hospicio</span> <span class='ocrx_word' id='word_1_166' title='bbox 1763 2637 2258 2711; x_wconf 87' lang='lat' dir='ltr'>Ruthenorum,</span> <span class='ocrx_word' id='word_1_167' title='bbox 2297 2637 2411 2720; x_wconf 89' lang='lat' dir='ltr'>qui</span> <span class='ocrx_word' id='word_1_168' title='bbox 2450 2658 2491 2699; x_wconf 92' lang='lat' dir='ltr'>a</span> <span class='ocrx_word' id='word_1_169' title='bbox 2526 2638 2840 2719; x_wconf 89' lang='lat' dir='ltr'>predictis</span> <span class='ocrx_word' id='word_1_170' title='bbox 2877 2638 3242 2720; x_wconf 93' lang='lat' dir='ltr'>pictoribus</span> <span class='ocrx_word' id='word_1_171' title='bbox 3280 2648 3623 2713; x_wconf 89' lang='lat' dir='ltr'>venerant,</span> 
     </span>
     <span class='ocr_line' id='line_1_21' title="bbox 420 2739 2436 2828; baseline 0.004 -29"><span class='ocrx_word' id='word_1_172' title='bbox 420 2739 507 2800; x_wconf 90' lang='lat' dir='ltr'>ad</span> <span class='ocrx_word' id='word_1_173' title='bbox 552 2759 792 2803; x_wconf 88' lang='lat' dir='ltr'>vocem</span> <span class='ocrx_word' id='word_1_174' title='bbox 839 2742 954 2805; x_wconf 89' lang='lat' dir='ltr'>dni</span> <span class='ocrx_word' id='word_1_175' title='bbox 1001 2743 1222 2826; x_wconf 86' lang='lat' dir='ltr'>Regis</span> <span class='ocrx_word' id='word_1_176' title='bbox 1269 2744 1336 2806; x_wconf 90' lang='lat' dir='ltr'>in</span> <span class='ocrx_word' id='word_1_177' title='bbox 1385 2742 1842 2828; x_wconf 75' lang='lat' dir='ltr'>Nepolomt&#39;cze</span> <span class='ocrx_word' id='word_1_178' title='bbox 1883 2744 2130 2806; x_wconf 89' lang='lat' dir='ltr'>factam</span> <span class='ocrx_word' id='word_1_179' title='bbox 2177 2743 2288 2807; x_wconf 92' lang='lat' dir='ltr'>IX</span> <span class='ocrx_word' id='word_1_180' title='bbox 2336 2764 2436 2827; x_wconf 84' lang='lat' dir='ltr'>gr.</span> 
     </span>
    </p>

    <p class='ocr_par' dir='ltr' id='par_1_14' title="bbox 418 2844 3515 3041">
     <span class='ocr_line' id='line_1_22' title="bbox 418 2844 3515 2937; baseline 0.004 -31"><span class='ocrx_word' id='word_1_181' title='bbox 418 2844 578 2907; x_wconf 91' lang='lat' dir='ltr'>item</span> <span class='ocrx_word' id='word_1_182' title='bbox 624 2867 748 2928; x_wconf 93' lang='lat' dir='ltr'>pro</span> <span class='ocrx_word' id='word_1_183' title='bbox 794 2851 1235 2932; x_wconf 83' lang='lat' dir='ltr'>exempcione</span> <span class='ocrx_word' id='word_1_184' title='bbox 1282 2849 1349 2912; x_wconf 93' lang='lat' dir='ltr'>V</span> <span class='ocrx_word' id='word_1_185' title='bbox 1395 2850 1753 2914; x_wconf 85' lang='lat' dir='ltr'>barilarum</span> <span class='ocrx_word' id='word_1_186' title='bbox 1801 2851 1937 2914; x_wconf 89' lang='lat' dir='ltr'>vini</span> <span class='ocrx_word' id='word_1_187' title='bbox 1983 2850 2171 2925; x_wconf 90' lang='lat' dir='ltr'>ducti</span> <span class='ocrx_word' id='word_1_188' title='bbox 2218 2851 2284 2912; x_wconf 91' lang='lat' dir='ltr'>in</span> <span class='ocrx_word' id='word_1_189' title='bbox 2332 2850 2788 2936; x_wconf 76' lang='lat' dir='ltr'>Nepolomt&#39;cze</span> <span class='ocrx_word' id='word_1_190' title='bbox 2833 2853 2969 2915; x_wconf 92' lang='lat' dir='ltr'>dno</span> <span class='ocrx_word' id='word_1_191' title='bbox 3016 2852 3202 2936; x_wconf 84' lang='lat' dir='ltr'>Regi</span> <span class='ocrx_word' id='word_1_192' title='bbox 3248 2853 3357 2934; x_wconf 76' lang='lat' dir='ltr'>Ill²</span> <span class='ocrx_word' id='word_1_193' title='bbox 3416 2874 3515 2937; x_wconf 87' lang='lat' dir='ltr'>gr.</span> 
     </span>
     <span class='ocr_line' id='line_1_23' title="bbox 418 2951 3405 3041; baseline 0.004 -28"><span class='ocrx_word' id='word_1_194' title='bbox 418 2951 574 3015; x_wconf 92' lang='lat' dir='ltr'>item</span> <span class='ocrx_word' id='word_1_195' title='bbox 623 2974 746 3037; x_wconf 91' lang='lat' dir='ltr'>pro</span> <span class='ocrx_word' id='word_1_196' title='bbox 793 2956 1217 3020; x_wconf 88' lang='lat' dir='ltr'>licuminibus</span> <span class='ocrx_word' id='word_1_197' title='bbox 1263 2960 1351 3021; x_wconf 89' lang='lat' dir='ltr'>ad</span> <span class='ocrx_word' id='word_1_198' title='bbox 1395 2958 1647 3021; x_wconf 91' lang='lat' dir='ltr'>lumina</span> <span class='ocrx_word' id='word_1_199' title='bbox 1693 2959 1993 3041; x_wconf 85' lang='lat' dir='ltr'>paranda</span> <span class='ocrx_word' id='word_1_200' title='bbox 2039 2959 2124 3021; x_wconf 92' lang='lat' dir='ltr'>ad</span> <span class='ocrx_word' id='word_1_201' title='bbox 2172 2958 2353 3021; x_wconf 89' lang='lat' dir='ltr'>viam</span> <span class='ocrx_word' id='word_1_202' title='bbox 2400 2979 2635 3021; x_wconf 89' lang='lat' dir='ltr'>versus</span> <span class='ocrx_word' id='word_1_203' title='bbox 2692 2959 3049 3022; x_wconf 88' lang='lat' dir='ltr'>Russziam</span> <span class='ocrx_word' id='word_1_204' title='bbox 3097 2958 3269 3022; x_wconf 92' lang='lat' dir='ltr'>VIII</span> <span class='ocrx_word' id='word_1_205' title='bbox 3315 2981 3405 3024; x_wconf 89' lang='lat' dir='ltr'>sc.</span> 
     </span>
    </p>

    <p class='ocr_par' dir='ltr' id='par_1_15' title="bbox 417 3060 3621 3253">
     <span class='ocr_line' id='line_1_24' title="bbox 417 3060 3621 3158; baseline 0.003 -36"><span class='ocrx_word' id='word_1_206' title='bbox 417 3060 576 3123; x_wconf 88' lang='lat' dir='ltr'>item</span> <span class='ocrx_word' id='word_1_207' title='bbox 622 3082 746 3144; x_wconf 91' lang='lat' dir='ltr'>pro</span> <span class='ocrx_word' id='word_1_208' title='bbox 791 3061 922 3128; x_wconf 91' lang='lat' dir='ltr'>filis</span> <span class='ocrx_word' id='word_1_209' title='bbox 967 3065 1279 3158; x_wconf 86' lang='lat' dir='ltr'>coloratis</span> <span class='ocrx_word' id='word_1_210' title='bbox 1327 3078 1394 3129; x_wconf 92' lang='lat' dir='ltr'>et</span> <span class='ocrx_word' id='word_1_211' title='bbox 1439 3066 1608 3129; x_wconf 86' lang='lat' dir='ltr'>albis</span> <span class='ocrx_word' id='word_1_212' title='bbox 1657 3087 1734 3129; x_wconf 89' lang='lat' dir='ltr'>ac</span> <span class='ocrx_word' id='word_1_213' title='bbox 1783 3087 1906 3147; x_wconf 92' lang='lat' dir='ltr'>pro</span> <span class='ocrx_word' id='word_1_214' title='bbox 1951 3065 2313 3147; x_wconf 89' lang='lat' dir='ltr'>forpicibus</span> <span class='ocrx_word' id='word_1_215' title='bbox 2361 3066 2535 3129; x_wconf 88' lang='lat' dir='ltr'>datis</span> <span class='ocrx_word' id='word_1_216' title='bbox 2600 3065 2838 3129; x_wconf 87' lang='lat' dir='ltr'>sartori</span> <span class='ocrx_word' id='word_1_217' title='bbox 2903 3067 3219 3149; x_wconf 84' lang='lat' dir='ltr'>expedito</span> <span class='ocrx_word' id='word_1_218' title='bbox 3284 3087 3438 3130; x_wconf 90' lang='lat' dir='ltr'>cum</span> <span class='ocrx_word' id='word_1_219' title='bbox 3484 3070 3621 3131; x_wconf 89' lang='lat' dir='ltr'>dno</span> 
     </span>
     <span class='ocr_line' id='line_1_25' title="bbox 417 3168 2417 3253; baseline 0.003 -22"><span class='ocrx_word' id='word_1_220' title='bbox 417 3168 622 3253; x_wconf 87' lang='lat' dir='ltr'>Rege</span> <span class='ocrx_word' id='word_1_221' title='bbox 667 3171 756 3233; x_wconf 89' lang='lat' dir='ltr'>ad</span> <span class='ocrx_word' id='word_1_222' title='bbox 801 3173 1170 3253; x_wconf 87' lang='lat' dir='ltr'>predictam</span> <span class='ocrx_word' id='word_1_223' title='bbox 1220 3175 1399 3236; x_wconf 88' lang='lat' dir='ltr'>viam</span> <span class='ocrx_word' id='word_1_224' title='bbox 1446 3194 1684 3237; x_wconf 85' lang='lat' dir='ltr'>versus</span> <span class='ocrx_word' id='word_1_225' title='bbox 1732 3173 2094 3237; x_wconf 88' lang='lat' dir='ltr'>Russziam</span> <span class='ocrx_word' id='word_1_226' title='bbox 2140 3172 2278 3236; x_wconf 93' lang='lat' dir='ltr'>VII</span> <span class='ocrx_word' id='word_1_227' title='bbox 2328 3194 2417 3237; x_wconf 90' lang='lat' dir='ltr'>sc.</span> 
     </span>
    </p>
   </div>
   <div class='ocr_carea' id='block_1_5' title="bbox 627 3276 3616 3471">
    <p class='ocr_par' dir='ltr' id='par_1_16' title="bbox 627 3276 3616 3471">
     <span class='ocr_line' id='line_1_26' title="bbox 629 3276 3537 3355; baseline 0.005 -15"><span class='ocrx_word' id='word_1_228' title='bbox 629 3276 913 3343; x_wconf 89' lang='lat' dir='ltr'>Summa</span> <span class='ocrx_word' id='word_1_229' title='bbox 956 3279 1139 3344; x_wconf 93' lang='lat' dir='ltr'>XIII</span> <span class='ocrx_word' id='word_1_230' title='bbox 1185 3300 1388 3344; x_wconf 89' lang='lat' dir='ltr'>marc.</span> <span class='ocrx_word' id='word_1_231' title='bbox 1433 3280 1656 3345; x_wconf 89' lang='lat' dir='ltr'>XXII</span> <span class='ocrx_word' id='word_1_232' title='bbox 1703 3302 1792 3345; x_wconf 89' lang='lat' dir='ltr'>se.</span> <span class='ocrx_word' id='word_1_233' title='bbox 3530 3350 3537 3355; x_wconf 86' lang='lat'>.</span> 
     </span>
     <span class='ocr_line' id='line_1_27' title="bbox 627 3385 3616 3471; baseline 0.002 -24"><span class='ocrx_word' id='word_1_234' title='bbox 627 3385 800 3448; x_wconf 85' lang='lat' dir='ltr'>Item</span> <span class='ocrx_word' id='word_1_235' title='bbox 847 3407 970 3468; x_wconf 92' lang='lat' dir='ltr'>pro</span> <span class='ocrx_word' id='word_1_236' title='bbox 1018 3386 1085 3450; x_wconf 94' lang='lat' dir='ltr'>V</span> <span class='ocrx_word' id='word_1_237' title='bbox 1129 3388 1384 3452; x_wconf 87' lang='lat' dir='ltr'>balistis</span> <span class='ocrx_word' id='word_1_238' title='bbox 1431 3390 1671 3471; x_wconf 87' lang='lat' dir='ltr'>emptis</span> <span class='ocrx_word' id='word_1_239' title='bbox 1719 3389 1804 3451; x_wconf 92' lang='lat' dir='ltr'>ad</span> <span class='ocrx_word' id='word_1_240' title='bbox 1853 3389 2240 3451; x_wconf 88' lang='lat' dir='ltr'>mandatum</span> <span class='ocrx_word' id='word_1_241' title='bbox 2295 3388 2409 3452; x_wconf 89' lang='lat' dir='ltr'>dni</span> <span class='ocrx_word' id='word_1_242' title='bbox 2455 3388 2676 3471; x_wconf 87' lang='lat' dir='ltr'>Regis</span> <span class='ocrx_word' id='word_1_243' title='bbox 2723 3389 2811 3451; x_wconf 86' lang='lat' dir='ltr'>ad</span> <span class='ocrx_word' id='word_1_244' title='bbox 2857 3389 3243 3452; x_wconf 89' lang='lat' dir='ltr'>thezaurum</span> <span class='ocrx_word' id='word_1_245' title='bbox 3293 3389 3360 3448; x_wconf 92' lang='lat' dir='ltr'>V</span> <span class='ocrx_word' id='word_1_246' title='bbox 3416 3410 3616 3453; x_wconf 81' lang='lat' dir='ltr'>marc,</span> 
     </span>
    </p>
   </div>
   <div class='ocr_carea' id='block_1_6' title="bbox 411 3491 3617 3902">
    <p class='ocr_par' dir='ltr' id='par_1_17' title="bbox 414 3491 706 3556">
     <span class='ocr_line' id='line_1_28' title="bbox 414 3491 706 3556; baseline 0.003 -1"><span class='ocrx_word' id='word_1_247' title='bbox 414 3492 518 3555; x_wconf 93' lang='lat' dir='ltr'>III</span> <span class='ocrx_word' id='word_1_248' title='bbox 562 3491 706 3556; x_wconf 89' lang='lat' dir='ltr'>fert.</span> 
     </span>
    </p>

    <p class='ocr_par' dir='ltr' id='par_1_18' title="bbox 412 3599 3617 3791">
     <span class='ocr_line' id='line_1_29' title="bbox 412 3599 3617 3686; baseline 0.002 -25"><span class='ocrx_word' id='word_1_249' title='bbox 412 3599 572 3662; x_wconf 90' lang='lat' dir='ltr'>item</span> <span class='ocrx_word' id='word_1_250' title='bbox 622 3601 758 3664; x_wconf 88' lang='lat' dir='ltr'>dno</span> <span class='ocrx_word' id='word_1_251' title='bbox 804 3599 1120 3666; x_wconf 89' lang='lat' dir='ltr'>Semconi</span> <span class='ocrx_word' id='word_1_252' title='bbox 1167 3604 1321 3667; x_wconf 89' lang='lat' dir='ltr'>duci</span> <span class='ocrx_word' id='word_1_253' title='bbox 1367 3603 1675 3667; x_wconf 89' lang='lat' dir='ltr'>Mazouie</span> <span class='ocrx_word' id='word_1_254' title='bbox 1739 3620 1864 3686; x_wconf 93' lang='lat' dir='ltr'>pro</span> <span class='ocrx_word' id='word_1_255' title='bbox 1911 3604 2353 3686; x_wconf 82' lang='lat' dir='ltr'>exempcione</span> <span class='ocrx_word' id='word_1_256' title='bbox 2399 3604 2484 3667; x_wconf 89' lang='lat' dir='ltr'>de</span> <span class='ocrx_word' id='word_1_257' title='bbox 2530 3603 2827 3686; x_wconf 89' lang='lat' dir='ltr'>hospicio</span> <span class='ocrx_word' id='word_1_258' title='bbox 2876 3604 2963 3666; x_wconf 90' lang='lat' dir='ltr'>ad</span> <span class='ocrx_word' id='word_1_259' title='bbox 3007 3602 3263 3666; x_wconf 87' lang='lat' dir='ltr'>literam</span> <span class='ocrx_word' id='word_1_260' title='bbox 3313 3604 3428 3667; x_wconf 89' lang='lat' dir='ltr'>dni</span> <span class='ocrx_word' id='word_1_261' title='bbox 3477 3604 3617 3668; x_wconf 91' lang='lat' dir='ltr'>Re-</span> 
     </span>
     <span class='ocr_line' id='line_1_30' title="bbox 412 3705 868 3791; baseline 0.009 -22"><span class='ocrx_word' id='word_1_262' title='bbox 412 3705 518 3791; x_wconf 89' lang='lat' dir='ltr'>gis</span> <span class='ocrx_word' id='word_1_263' title='bbox 563 3708 621 3770; x_wconf 92' lang='lat' dir='ltr'><strong>L</strong></span> <span class='ocrx_word' id='word_1_264' title='bbox 667 3728 868 3773; x_wconf 81' lang='lat' dir='ltr'>marc,</span> 
     </span>
    </p>

    <p class='ocr_par' dir='ltr' id='par_1_19' title="bbox 411 3814 3617 3902">
     <span class='ocr_line' id='line_1_31' title="bbox 411 3814 3617 3902; baseline 0.001 -25"><span class='ocrx_word' id='word_1_265' title='bbox 411 3814 570 3877; x_wconf 87' lang='lat' dir='ltr'>item</span> <span class='ocrx_word' id='word_1_266' title='bbox 610 3816 895 3879; x_wconf 89' lang='lat' dir='ltr'>sabbato</span> <span class='ocrx_word' id='word_1_267' title='bbox 941 3819 1254 3900; x_wconf 83' lang='lat' dir='ltr'>proximo</span> <span class='ocrx_word' id='word_1_268' title='bbox 1302 3820 1448 3901; x_wconf 88' lang='lat' dir='ltr'>ipso</span> <span class='ocrx_word' id='word_1_269' title='bbox 1495 3819 1602 3882; x_wconf 91' lang='lat' dir='ltr'>die</span> <span class='ocrx_word' id='word_1_270' title='bbox 1649 3840 1697 3883; x_wconf 92' lang='lat' dir='ltr'>s.</span> <span class='ocrx_word' id='word_1_271' title='bbox 1745 3818 2040 3883; x_wconf 87' lang='lat' dir='ltr'>Ladislai</span> <span class='ocrx_word' id='word_1_272' title='bbox 2085 3818 2309 3902; x_wconf 89' lang='lat' dir='ltr'>Regis</span> <span class='ocrx_word' id='word_1_273' title='bbox 2356 3816 2559 3901; x_wconf 70' lang='grc' dir='ltr'>(27ίὸ)</span> <span class='ocrx_word' id='word_1_274' title='bbox 2607 3819 2739 3881; x_wconf 93' lang='lat' dir='ltr'>dne</span> <span class='ocrx_word' id='word_1_275' title='bbox 2787 3818 3063 3901; x_wconf 86' lang='lat' dir='ltr'>Regine</span> <span class='ocrx_word' id='word_1_276' title='bbox 3108 3838 3230 3900; x_wconf 93' lang='lat' dir='ltr'>pro</span> <span class='ocrx_word' id='word_1_277' title='bbox 3278 3817 3617 3881; x_wconf 88' lang='lat' dir='ltr'>offertorio</span> 
     </span>
    </p>
   </div>
   <div class='ocr_carea' id='block_1_7' title="bbox 407 3922 3615 4221">
    <p class='ocr_par' dir='ltr' id='par_1_20' title="bbox 407 3922 3615 4221">
     <span class='ocr_line' id='line_1_32' title="bbox 422 3923 746 4001; baseline 0.003 -16"><span class='ocrx_word' id='word_1_278' title='bbox 422 3923 444 3960; x_wconf 88' lang='lat'>¹</span> <span class='ocrx_word' id='word_1_279' title='bbox 461 3964 485 4001; x_wconf 81' lang='lat'>2</span> <span class='ocrx_word' id='word_1_280' title='bbox 543 3942 746 3986; x_wconf 89' lang='lat' dir='ltr'>marc.</span> 
     </span>
     <span class='ocr_line' id='line_1_33' title="bbox 409 3922 3080 4115; baseline 0.001 -24"><span class='ocrx_word' id='word_1_281' title='bbox 409 3922 568 4092; x_wconf 67' lang='lat' dir='ltr'>itlem</span> <span class='ocrx_word' id='word_1_282' title='bbox 616 4030 732 4093; x_wconf 86' lang='lat' dir='ltr'>dni</span> <span class='ocrx_word' id='word_1_283' title='bbox 770 4030 1062 4111; x_wconf 86' lang='lat' dir='ltr'>Janussii</span> <span class='ocrx_word' id='word_1_284' title='bbox 1107 4033 1296 4095; x_wconf 90' lang='lat' dir='ltr'>ducis</span> <span class='ocrx_word' id='word_1_285' title='bbox 1341 4033 1652 4095; x_wconf 91' lang='lat' dir='ltr'>Mazouie</span> <span class='ocrx_word' id='word_1_286' title='bbox 1697 4031 1836 4096; x_wconf 91' lang='lat' dir='ltr'>filio</span> <span class='ocrx_word' id='word_1_287' title='bbox 1883 4034 1969 4095; x_wconf 89' lang='lat' dir='ltr'>ad</span> <span class='ocrx_word' id='word_1_288' title='bbox 2016 4032 2276 4095; x_wconf 88' lang='lat' dir='ltr'>literam</span> <span class='ocrx_word' id='word_1_289' title='bbox 2327 4031 2443 4094; x_wconf 91' lang='lat' dir='ltr'>dni</span> <span class='ocrx_word' id='word_1_290' title='bbox 2489 4031 2712 4115; x_wconf 86' lang='lat' dir='ltr'>Regis</span> <span class='ocrx_word' id='word_1_291' title='bbox 2757 4031 2833 4094; x_wconf 91' lang='lat' dir='ltr'>X</span> <span class='ocrx_word' id='word_1_292' title='bbox 2879 4051 3080 4093; x_wconf 86' lang='lat' dir='ltr'>mare.</span> 
     </span>
     <span class='ocr_line' id='line_1_34' title="bbox 407 4136 3615 4221; baseline 0.001 -22"><span class='ocrx_word' id='word_1_293' title='bbox 407 4136 570 4200; x_wconf 91' lang='lat' dir='ltr'>item</span> <span class='ocrx_word' id='word_1_294' title='bbox 615 4158 738 4221; x_wconf 92' lang='lat' dir='ltr'>pro</span> <span class='ocrx_word' id='word_1_295' title='bbox 784 4139 990 4203; x_wconf 90' lang='lat' dir='ltr'>lorica</span> <span class='ocrx_word' id='word_1_296' title='bbox 1036 4148 1104 4202; x_wconf 89' lang='lat' dir='ltr'>et</span> <span class='ocrx_word' id='word_1_297' title='bbox 1147 4139 1340 4204; x_wconf 71' lang='lat' dir='ltr'>salom</span> <span class='ocrx_word' id='word_1_298' title='bbox 1401 4161 1556 4205; x_wconf 92' lang='lat' dir='ltr'>cum</span> <span class='ocrx_word' id='word_1_299' title='bbox 1623 4140 1995 4203; x_wconf 89' lang='lat' dir='ltr'>attinenciis</span> <span class='ocrx_word' id='word_1_300' title='bbox 2060 4140 2232 4203; x_wconf 89' lang='lat' dir='ltr'>datis</span> <span class='ocrx_word' id='word_1_301' title='bbox 2295 4139 2531 4202; x_wconf 92' lang='lat' dir='ltr'>Iwano</span> <span class='ocrx_word' id='word_1_302' title='bbox 2596 4139 2861 4202; x_wconf 88' lang='lat' dir='ltr'>cuidam</span> <span class='ocrx_word' id='word_1_303' title='bbox 2930 4140 3015 4201; x_wconf 91' lang='lat' dir='ltr'>de</span> <span class='ocrx_word' id='word_1_304' title='bbox 3084 4138 3180 4201; x_wconf 92' lang='lat' dir='ltr'><em>W</em></span> <span class='ocrx_word' id='word_1_305' title='bbox 3169 4136 3431 4202; x_wconf 79' lang='lat' dir='ltr'>z&#39;tewsko</span> <span class='ocrx_word' id='word_1_306' title='bbox 3476 4139 3615 4203; x_wconf 91' lang='lat' dir='ltr'>VII</span> 
     </span>
    </p>
   </div>
   <div class='ocr_carea' id='block_1_8' title="bbox 404 4245 3613 4865">
    <p class='ocr_par' dir='ltr' id='par_1_21' title="bbox 409 4245 879 4311">
     <span class='ocr_line' id='line_1_35' title="bbox 409 4245 879 4311; baseline 0.009 -4"><span class='ocrx_word' id='word_1_307' title='bbox 409 4265 609 4310; x_wconf 89' lang='lat' dir='ltr'>marc.</span> <span class='ocrx_word' id='word_1_308' title='bbox 655 4246 690 4309; x_wconf 96' lang='lat' dir='ltr'>I</span> <span class='ocrx_word' id='word_1_309' title='bbox 735 4245 879 4311; x_wconf 89' lang='lat' dir='ltr'>fert.</span> 
     </span>
    </p>

    <p class='ocr_par' dir='ltr' id='par_1_22' title="bbox 406 4352 2801 4439">
     <span class='ocr_line' id='line_1_36' title="bbox 406 4352 2801 4439; baseline 0 -25"><span class='ocrx_word' id='word_1_310' title='bbox 406 4352 566 4415; x_wconf 92' lang='lat' dir='ltr'>item</span> <span class='ocrx_word' id='word_1_311' title='bbox 613 4374 736 4435; x_wconf 88' lang='lat' dir='ltr'>pro</span> <span class='ocrx_word' id='word_1_312' title='bbox 785 4352 1128 4439; x_wconf 73' lang='lat' dir='ltr'>bygwantz&#39;</span> <span class='ocrx_word' id='word_1_313' title='bbox 1161 4355 1336 4418; x_wconf 90' lang='lat' dir='ltr'>datis</span> <span class='ocrx_word' id='word_1_314' title='bbox 1381 4354 1644 4418; x_wconf 90' lang='lat' dir='ltr'>cuidam</span> <span class='ocrx_word' id='word_1_315' title='bbox 1692 4354 2047 4417; x_wconf 90' lang='lat' dir='ltr'>Lithwano</span> <span class='ocrx_word' id='word_1_316' title='bbox 2094 4353 2441 4417; x_wconf 86' lang='lat' dir='ltr'>Borissoni</span> <span class='ocrx_word' id='word_1_317' title='bbox 2486 4354 2553 4415; x_wconf 95' lang='lat' dir='ltr'>II</span> <span class='ocrx_word' id='word_1_318' title='bbox 2600 4373 2801 4416; x_wconf 88' lang='lat' dir='ltr'>marc.</span> 
     </span>
    </p>

    <p class='ocr_par' dir='ltr' id='par_1_23' title="bbox 407 4460 3613 4653">
     <span class='ocr_line' id='line_1_37' title="bbox 407 4460 3613 4544; baseline 0.001 -22"><span class='ocrx_word' id='word_1_319' title='bbox 407 4460 567 4523; x_wconf 90' lang='lat' dir='ltr'>item</span> <span class='ocrx_word' id='word_1_320' title='bbox 614 4460 966 4525; x_wconf 87' lang='lat' dir='ltr'>Malofioni</span> <span class='ocrx_word' id='word_1_321' title='bbox 1010 4462 1268 4525; x_wconf 81' lang='lat' dir='ltr'>notario</span> <span class='ocrx_word' id='word_1_322' title='bbox 1333 4462 1742 4536; x_wconf 79' lang='lat' dir='ltr'>Ruthenico,</span> <span class='ocrx_word' id='word_1_323' title='bbox 1797 4461 2136 4525; x_wconf 88' lang='lat' dir='ltr'>Paczkoni</span> <span class='ocrx_word' id='word_1_324' title='bbox 2203 4472 2271 4524; x_wconf 89' lang='lat' dir='ltr'>et</span> <span class='ocrx_word' id='word_1_325' title='bbox 2322 4460 2823 4525; x_wconf 87' lang='lat' dir='ltr'>Kormanczoni</span> <span class='ocrx_word' id='word_1_326' title='bbox 2868 4480 2991 4542; x_wconf 90' lang='lat' dir='ltr'>pro</span> <span class='ocrx_word' id='word_1_327' title='bbox 3039 4462 3479 4544; x_wconf 86' lang='lat' dir='ltr'>exempcione</span> <span class='ocrx_word' id='word_1_328' title='bbox 3519 4464 3613 4525; x_wconf 85' lang='lat' dir='ltr'>de</span> 
     </span>
     <span class='ocr_line' id='line_1_38' title="bbox 407 4568 1066 4653; baseline 0.003 -23"><span class='ocrx_word' id='word_1_329' title='bbox 407 4568 708 4650; x_wconf 89' lang='lat' dir='ltr'>hospicio</span> <span class='ocrx_word' id='word_1_330' title='bbox 753 4568 788 4632; x_wconf 96' lang='lat' dir='ltr'>I</span> <span class='ocrx_word' id='word_1_331' title='bbox 833 4590 1066 4653; x_wconf 85' lang='lat' dir='ltr'>sexag.</span> 
     </span>
    </p>

    <p class='ocr_par' dir='ltr' id='par_1_24' title="bbox 404 4672 3381 4760">
     <span class='ocr_line' id='line_1_39' title="bbox 404 4672 3381 4760; baseline 0.001 -23"><span class='ocrx_word' id='word_1_332' title='bbox 404 4673 564 4737; x_wconf 89' lang='lat' dir='ltr'>item</span> <span class='ocrx_word' id='word_1_333' title='bbox 609 4696 736 4757; x_wconf 92' lang='lat' dir='ltr'>pro</span> <span class='ocrx_word' id='word_1_334' title='bbox 783 4675 1005 4739; x_wconf 88' lang='lat' dir='ltr'>media</span> <span class='ocrx_word' id='word_1_335' title='bbox 1052 4677 1256 4740; x_wconf 89' lang='lat' dir='ltr'>lorica</span> <span class='ocrx_word' id='word_1_336' title='bbox 1302 4678 1388 4740; x_wconf 90' lang='lat' dir='ltr'>de</span> <span class='ocrx_word' id='word_1_337' title='bbox 1435 4677 1650 4739; x_wconf 90' lang='lat' dir='ltr'>calibe</span> <span class='ocrx_word' id='word_1_338' title='bbox 1697 4676 1901 4739; x_wconf 86' lang='lat' dir='ltr'>missa</span> <span class='ocrx_word' id='word_1_339' title='bbox 1947 4677 2083 4739; x_wconf 91' lang='lat' dir='ltr'>dno</span> <span class='ocrx_word' id='word_1_340' title='bbox 2132 4675 2321 4760; x_wconf 89' lang='lat' dir='ltr'>Regi</span> <span class='ocrx_word' id='word_1_341' title='bbox 2366 4676 2433 4737; x_wconf 90' lang='lat' dir='ltr'>in</span> <span class='ocrx_word' id='word_1_342' title='bbox 2480 4672 2981 4759; x_wconf 78' lang='lat' dir='ltr'>Nyepolomz&#39;cze</span> <span class='ocrx_word' id='word_1_343' title='bbox 3026 4674 3129 4738; x_wconf 94' lang='lat' dir='ltr'>III</span> <span class='ocrx_word' id='word_1_344' title='bbox 3181 4695 3381 4739; x_wconf 89' lang='lat' dir='ltr'>marc.</span> 
     </span>
    </p>

    <p class='ocr_par' dir='ltr' id='par_1_25' title="bbox 404 4782 3611 4865">
     <span class='ocr_line' id='line_1_40' title="bbox 404 4782 3611 4865; baseline 0.001 -21"><span class='ocrx_word' id='word_1_345' title='bbox 404 4782 562 4845; x_wconf 87' lang='lat' dir='ltr'>item</span> <span class='ocrx_word' id='word_1_346' title='bbox 612 4802 736 4865; x_wconf 92' lang='lat' dir='ltr'>pro</span> <span class='ocrx_word' id='word_1_347' title='bbox 800 4783 1025 4847; x_wconf 92' lang='lat' dir='ltr'>XXII</span> <span class='ocrx_word' id='word_1_348' title='bbox 1091 4784 1359 4847; x_wconf 89' lang='lat' dir='ltr'>talentis</span> <span class='ocrx_word' id='word_1_349' title='bbox 1427 4782 1654 4847; x_wconf 80' lang='lat' dir='ltr'>czucrz&#39;</span> <span class='ocrx_word' id='word_1_350' title='bbox 1706 4784 1794 4846; x_wconf 89' lang='lat' dir='ltr'>ad</span> <span class='ocrx_word' id='word_1_351' title='bbox 1857 4784 2270 4855; x_wconf 85' lang='lat' dir='ltr'>thezaurum‚</span> <span class='ocrx_word' id='word_1_352' title='bbox 2336 4782 2718 4864; x_wconf 89' lang='lat' dir='ltr'>recipiendo</span> <span class='ocrx_word' id='word_1_353' title='bbox 2783 4782 3130 4864; x_wconf 89' lang='lat' dir='ltr'>quodlibet</span> <span class='ocrx_word' id='word_1_354' title='bbox 3192 4804 3313 4865; x_wconf 91' lang='lat' dir='ltr'>per</span> <span class='ocrx_word' id='word_1_355' title='bbox 3367 4783 3477 4846; x_wconf 92' lang='lat' dir='ltr'>IX</span> <span class='ocrx_word' id='word_1_356' title='bbox 3522 4804 3611 4848; x_wconf 89' lang='lat' dir='ltr'>se.</span> 
     </span>
    </p>
   </div>
   <div class='ocr_carea' id='block_1_9' title="bbox 404 4888 1342 4955">
    <p class='ocr_par' dir='ltr' id='par_1_26' title="bbox 404 4888 1342 4955">
     <span class='ocr_line' id='line_1_41' title="bbox 404 4888 1342 4955; baseline 0.001 -2"><span class='ocrx_word' id='word_1_357' title='bbox 404 4910 673 4954; x_wconf 86' lang='lat' dir='ltr'>summa</span> <span class='ocrx_word' id='word_1_358' title='bbox 715 4888 877 4954; x_wconf 89' lang='lat' dir='ltr'>facit</span> <span class='ocrx_word' id='word_1_359' title='bbox 920 4890 1095 4954; x_wconf 91' lang='lat' dir='ltr'>VIII</span> <span class='ocrx_word' id='word_1_360' title='bbox 1141 4912 1342 4955; x_wconf 88' lang='lat' dir='ltr'>mare.</span> 
     </span>
    </p>
   </div>
   <div class='ocr_carea' id='block_1_10' title="bbox 620 4997 3611 5190">
    <p class='ocr_par' dir='ltr' id='par_1_27' title="bbox 620 4997 3611 5190">
     <span class='ocr_line' id='line_1_42' title="bbox 620 4997 1964 5062; baseline 0 -1"><span class='ocrx_word' id='word_1_361' title='bbox 620 4997 904 5062; x_wconf 89' lang='lat' dir='ltr'>Summa</span> <span class='ocrx_word' id='word_1_362' title='bbox 948 4998 1376 5062; x_wconf 88' lang='lat' dir='ltr'>LXXXVII</span> <span class='ocrx_word' id='word_1_363' title='bbox 1423 5018 1626 5062; x_wconf 89' lang='lat' dir='ltr'>marc.</span> <span class='ocrx_word' id='word_1_364' title='bbox 1673 4998 1776 5061; x_wconf 93' lang='lat' dir='ltr'>III</span> <span class='ocrx_word' id='word_1_365' title='bbox 1821 4998 1964 5061; x_wconf 90' lang='lat' dir='ltr'>fert.</span> 
     </span>
     <span class='ocr_line' id='line_1_43' title="bbox 620 5104 3611 5190; baseline 0 -22"><span class='ocrx_word' id='word_1_366' title='bbox 620 5105 793 5169; x_wconf 88' lang='lat' dir='ltr'>Item</span> <span class='ocrx_word' id='word_1_367' title='bbox 839 5126 964 5188; x_wconf 91' lang='lat' dir='ltr'>pro</span> <span class='ocrx_word' id='word_1_368' title='bbox 1011 5104 1229 5170; x_wconf 91' lang='lat' dir='ltr'>XVII</span> <span class='ocrx_word' id='word_1_369' title='bbox 1275 5107 1517 5169; x_wconf 86' lang='lat' dir='ltr'>marcis</span> <span class='ocrx_word' id='word_1_370' title='bbox 1564 5126 1740 5190; x_wconf 70' lang='lat' dir='ltr'>gros</span> <span class='ocrx_word' id='word_1_371' title='bbox 1787 5107 2076 5168; x_wconf 89' lang='lat' dir='ltr'>latorum</span> <span class='ocrx_word' id='word_1_372' title='bbox 2125 5106 2437 5169; x_wconf 88' lang='lat' dir='ltr'>datorum</span> <span class='ocrx_word' id='word_1_373' title='bbox 2502 5124 2627 5185; x_wconf 91' lang='lat' dir='ltr'>pro</span> <span class='ocrx_word' id='word_1_374' title='bbox 2692 5105 2974 5168; x_wconf 89' lang='lat' dir='ltr'>stamine</span> <span class='ocrx_word' id='word_1_375' title='bbox 3021 5106 3226 5187; x_wconf 88' lang='lat' dir='ltr'>panni</span> <span class='ocrx_word' id='word_1_376' title='bbox 3270 5106 3611 5181; x_wconf 88' lang='lat' dir='ltr'>szarlatici,</span> 
     </span>
    </p>
   </div>
   <div class='ocr_carea' id='block_1_11' title="bbox 409 5212 3611 5297">
    <p class='ocr_par' dir='ltr' id='par_1_28' title="bbox 409 5212 3611 5297">
     <span class='ocr_line' id='line_1_44' title="bbox 409 5212 3611 5297; baseline 0 -22"><span class='ocrx_word' id='word_1_377' title='bbox 409 5214 549 5276; x_wconf 89' lang='lat' dir='ltr'>dati</span> <span class='ocrx_word' id='word_1_378' title='bbox 594 5214 728 5276; x_wconf 90' lang='lat' dir='ltr'>dne</span> <span class='ocrx_word' id='word_1_379' title='bbox 776 5213 1069 5297; x_wconf 87' lang='lat' dir='ltr'>Regine,</span> <span class='ocrx_word' id='word_1_380' title='bbox 1114 5215 1427 5277; x_wconf 88' lang='lat' dir='ltr'>addendo</span> <span class='ocrx_word' id='word_1_381' title='bbox 1473 5234 1676 5295; x_wconf 86' lang='lat' dir='ltr'>super</span> <span class='ocrx_word' id='word_1_382' title='bbox 1721 5213 2089 5296; x_wconf 88' lang='lat' dir='ltr'>quamlibet</span> <span class='ocrx_word' id='word_1_383' title='bbox 2137 5232 2434 5275; x_wconf 87' lang='lat' dir='ltr'>marcam</span> <span class='ocrx_word' id='word_1_384' title='bbox 2502 5222 2803 5293; x_wconf 90' lang='lat' dir='ltr'>quarten.</span> <span class='ocrx_word' id='word_1_385' title='bbox 2867 5232 2988 5293; x_wconf 92' lang='lat' dir='ltr'>per</span> <span class='ocrx_word' id='word_1_386' title='bbox 3034 5212 3205 5275; x_wconf 87' lang='lat' dir='ltr'>VIII</span> <span class='ocrx_word' id='word_1_387' title='bbox 3252 5233 3342 5278; x_wconf 87' lang='lat' dir='ltr'>se.</span> <span class='ocrx_word' id='word_1_388' title='bbox 3388 5213 3611 5276; x_wconf 89' lang='lat' dir='ltr'>XXII</span> 
     </span>
    </p>
   </div>
   <div class='ocr_carea' id='block_1_12' title="bbox 411 5319 3609 5513">
    <p class='ocr_par' dir='ltr' id='par_1_29' title="bbox 411 5319 3609 5513">
     <span class='ocr_line' id='line_1_45' title="bbox 411 5319 974 5385; baseline 0.005 -3"><span class='ocrx_word' id='word_1_389' title='bbox 411 5340 614 5383; x_wconf 83' lang='lat' dir='ltr'>marc,</span> <span class='ocrx_word' id='word_1_390' title='bbox 659 5319 841 5383; x_wconf 93' lang='lat' dir='ltr'>XVI</span> <span class='ocrx_word' id='word_1_391' title='bbox 886 5340 974 5385; x_wconf 84' lang='lat' dir='ltr'>sc.</span> 
     </span>
     <span class='ocr_line' id='line_1_46' title="bbox 411 5427 3609 5513; baseline 0 -22"><span class='ocrx_word' id='word_1_392' title='bbox 411 5429 569 5491; x_wconf 90' lang='lat' dir='ltr'>item</span> <span class='ocrx_word' id='word_1_393' title='bbox 619 5429 754 5491; x_wconf 91' lang='lat' dir='ltr'>dne</span> <span class='ocrx_word' id='word_1_394' title='bbox 800 5428 1078 5513; x_wconf 88' lang='lat' dir='ltr'>Regine</span> <span class='ocrx_word' id='word_1_395' title='bbox 1124 5448 1250 5511; x_wconf 93' lang='lat' dir='ltr'>pro</span> <span class='ocrx_word' id='word_1_396' title='bbox 1295 5429 1431 5492; x_wconf 89' lang='lat' dir='ltr'>suis</span> <span class='ocrx_word' id='word_1_397' title='bbox 1486 5429 1876 5492; x_wconf 87' lang='lat' dir='ltr'>necessariis</span> <span class='ocrx_word' id='word_1_398' title='bbox 1921 5428 2309 5491; x_wconf 88' lang='lat' dir='ltr'>ordinandis</span> <span class='ocrx_word' id='word_1_399' title='bbox 2374 5428 2462 5490; x_wconf 85' lang='lat' dir='ltr'>ad</span> <span class='ocrx_word' id='word_1_400' title='bbox 2507 5427 2899 5491; x_wconf 84' lang='lat' dir='ltr'>mandatum</span> <span class='ocrx_word' id='word_1_401' title='bbox 2948 5428 3063 5491; x_wconf 87' lang='lat' dir='ltr'>dni</span> <span class='ocrx_word' id='word_1_402' title='bbox 3108 5428 3329 5513; x_wconf 85' lang='lat' dir='ltr'>Regis</span> <span class='ocrx_word' id='word_1_403' title='bbox 3374 5430 3609 5492; x_wconf 86' lang='lat' dir='ltr'>vocale</span> 
     </span>
    </p>
   </div>
   <div class='ocr_carea' id='block_1_13' title="bbox 409 5534 759 5597">
    <p class='ocr_par' dir='ltr' id='par_1_30' title="bbox 409 5534 759 5597">
     <span class='ocr_line' id='line_1_47' title="bbox 409 5534 759 5597; baseline 0 0"><span class='ocrx_word' id='word_1_404' title='bbox 409 5534 514 5597; x_wconf 95' lang='lat' dir='ltr'>VI</span> <span class='ocrx_word' id='word_1_405' title='bbox 562 5555 759 5597; x_wconf 88' lang='lat' dir='ltr'>mare.</span> 
     </span>
    </p>
   </div>
  </div>
 </body>
</html>
