4592 6559
969 505 1664 571 REJESTRASTACYJ
1709 506 2002 558 Dwonu
2049 493 2331 557 KRoLA·
2365 507 2393 555 1
2440 493 2878 572 KROLOWEJ.
2924 507 3142 574 '1404'
3536 513 3659 574 295

465 704 608 788 Vll„
664 705 850 781 scoti,
895 705 1053 770 item
1119 727 1244 788 pro
1287 707 1460 770 lacte
1507 716 1576 769 et
1622 727 1846 772 crema
1886 706 1992 770 VI
2039 707 2224 781 scoti,
2287 707 2447 770 item
2512 727 2635 788 pro
2697 707 2854 791 piris
2920 718 2989 771 et
3052 709 3303 772 cerusis
3348 707 3451 770 IV
3497 707 3665 770 scoti

465 811 601 876 VII
647 814 798 877 den.
843 813 1005 877 item
1053 833 1177 897 pro
1223 814 1290 877 II
1338 814 1710 878 octualibus
1756 814 2052 888 ceruisie,
2097 814 2445 898 quodlibet
2492 817 2753 878 octuale
2798 835 2921 896 per
2964 815 3065 878 VI
3112 835 3201 879 sc.
3232 815 3393 878 :XII
3440 835 3529 878 sc.

675 919 962 986 Summa
1005 921 1182 984 diete
1227 920 1476 984 XVIII
1526 941 1685 984 mar.
1733 921 1878 984 XII
1924 922 2090 986 scoti
2134 919 2315 985 XVI
2362 923 2511 985 den.

675 1029 848 1092 Item
893 1027 1062 1093 feria
1104 1028 1173 1091 V
1217 1028 1288 1092 in
1331 1028 1562 1113 vigilia
1609 1049 1660 1094 5.
1700 1027 1936 1110 Jacobi
2001 1029 2278 1113 gloriosi
2323 1029 2606 1112 apostoli
2652 1031 2855 1114 (24s7)
2917 1031 3056 1094 dno
3101 1031 3289 1114 Regi
3334 1032 3421 1094 ad
3466 1051 3661 1114 pran-

463 1136 683 1200 dium:
728 1135 892 1200 item
937 1156 1063 1220 pro
1107 1136 1406 1219 piscibus
1466 1136 1848 1200 recentibus
1911 1157 2066 1200 curn
2132 1136 2276 1200 aliis
2338 1136 2639 1220 propriiS,
2706 1137 2863 1221 quia
2906 1137 3201 1219 hospites
3247 1147 3437 1202 erant
3482 1139 3662 1220 apud

463 1244 674 1307 dnum
720 1243 1016 1328 Regem,
1062 1244 1131 1307 Π
1177 1263 1339 1308 mar.
1385 1242 1487 1306 VI
1503 1243 1566 1324 ΙΙ,
1624 1244 1810 1320 scoti,
1853 1244 2014 1308 item
2061 1265 2184 1326 pro
2224 1245 2326 1307 III
2356 1265 2597 1330 sexag.
2644 1244 2923 1327 piscium
2962 1245 3291 1310 dictorum
3336 1245 3665 1330 stracfusz

461 1371 581 1434 per
625 1351 730 1414 l'V
775 1361 938 1415 scot.
984 1350 1130 1414 XII
1175 1351 1362 1424 scoti,
1407 1350 1570 1414 item
1615 1371 1738 1432 pro
1787 1350 1888 1412 IV
1936 1351 2156 1414 choris
2203 1372 2619 1426 cancrorum,
2665 1352 2947 1435 quilibet
2990 1354 3233 1417 chorus
3278 1371 3399 1435 per
3444 1353 3510 1414 V-
3561 1374 3661 1438 gr.

427 1458 536 1520 ,X
580 1459 768 1533 scoti,
814 1458 973 1523 item
1019 1478 1144 1541 pro
1190 1458 1342 1524 oleo
1390 1457 1491 1520 VI
1537 1458 1725 1532 scoti,
1769 1458 1929 1522 item
1978 1479 2100 1541 pro
2140 1459 2371 1522 XXX
2416 1459 2847 1543 ligaminibus
2878 1461 3409 1542 lampredarum,
3450 1461 3659 1545 quod-

461 1566 622 1630 libet
665 1567 961 1651 ligamen
1012 1587 1133 1648 per
1190 1566 1252 1646 ¹l2
1311 1585 1412 1650 gr.
1459 1564 1674 1647 V111s2
1733 1566 1920 1640 scoti,
1983 1566 2141 1628 item
2189 1585 2312 1648 pro
2359 1565 2461 1628 VI
2508 1568 2885 1631 octualibus
2952 1567 3250 1644 ceruisie,
3314 1568 3661 1652 quodlibet

461 1675 722 1738 octuale
768 1694 889 1757 per
925 1673 1028 1736 VI
1074 1682 1237 1736 scot.
1282 1673 1665 1755 recipiendo
1711 1672 1744 1734 I
1791 1693 1952 1737 mar.
1999 1673 2144 1737 XII
2191 1673 2375 1736 scoti.
2474 1723 2481 1730 .

672 1782 843 1845 Item
892 1783 1026 1845 dne
1071 1781 1349 1866 Regine
1396 1782 1483 1844 ad
1529 1780 1920 1863 prandium:
1986 1780 2144 1844 item
2209 1785 2335 1863 p'ro
2398 1781 2694 1862 piscibus
2757 1783 3138 1847 recentibus
3186 1783 3441 1846 XXIII
3489 1782 3659 1846 scoti

459 1889 492 1952 Ι
537 1909 720 1973 quar.
765 1889 924 1952 item
971 1909 1096 1973 pro
1141 1889 1210 1952 II
1256 1909 1492 1972 sexag.
1535 1887 1880 1972 stracfusz,
1925 1888 2223 1971 quelibet
2267 1909 2503 1973 sexag.
2552 1909 2674 1971 per
2718 1889 2820 1952 IV
2857 1901 3020 1954 scot,
3057 1888 3229 1952 VIII
3275 1889 3462 1965 scoti,
3497 1889 3657 1952 item

458 2017 581 2079 pro
627 1999 778 2061 oleo
825 1997 929 2060 III
975 1997 1162 2072 scoti,
1207 1996 1366 2059 item
1413 2016 1537 2077 pro
1583 1995 1651 2057 II
1699 1995 1916 2060 choris
1960 2015 2355 2059 cancrorum
2404 1995 2469 2056 V
2485 1996 2547 2078 ΙΙ,
2606 1997 2793 2070 scoti,
2838 1997 2998 2062 item
3046 2017 3169 2079 pro
3215 1997 3508 2079 piscibus
3554 2017 3656 2059 as-

457 2103 634 2178 satiS‚
697 2124 984 2187 quorum
1032 2102 1211 2167 XVI
1279 2103 1600 2188 ligamina
1663 2123 1786 2186 per
1844 2103 1906 2184 ¹l2
1965 2123 2064 2187 gr.
2113 2102 2216 2165 IV
2259 2104 2446 2178 scoti,
2511 2103 2669 2168 item
2737 2124 2859 2186 pro
2923 2103 3081 2186 piris
3145 2115 3212 2167 et
3258 2105 3507 2168 cerusis
3553 2104 3656 2166 ΙΙΙ

455 2211 638 2286 scoti,
684 2211 844 2275 item
889 2231 1014 2294 pro
1061 2211 1162 2274 III
1209 2209 1584 2274 octualibus
1631 2210 1910 2274 ceruisie
1955 2209 2204 2272 XVIII
2251 2209 2437 2274 scoti.

669 2318 840 2381 Item
897 2319 1033 2382 dno
1099 2313 1530 2382 marsalconi:
1595 2317 1755 2380 item
1821 2338 1943 2400 pro
2006 2318 2301 2400 piscibus
2362 2319 2743 2383 recentibus
2782 2319 2926 2382 'VII
2991 2318 3175 2394 scoti,
3218 2319 3397 2382 item
3454 2339 3579 2400 pro
3625 2319 3655 2380 I

453 2445 687 2510 sexag.
734 2425 1012 2508 piscium
1061 2425 1388 2489 dictorum
1436 2424 1782 2509 stracfusz,
1831 2425 1899 2488 II
1944 2425 2131 2500 scoti,
2177 2425 2341 2489 item
2379 2446 2501 2508 pro
2538 2426 2796 2490 cancris
2842 2425 2942 2490 IV
2984 2447 3081 2509 gr.
3128 2426 3288 2489 item
3335 2447 3457 2509 pro
3504 2427 3657 2488 oleo

453 2532 520 2595 II
568 2553 668 2617 gr.
713 2533 876 2596 item
922 2553 1046 2615 pro
1090 2533 1125 2596 I
1173 2533 1418 2597 octuali
1466 2533 1742 2596 ceruisie
1786 2531 1891 2595 VI
1936 2532 2122 2596 scoti.

665 2639 840 2704 Item
887 2642 1023 2703 dno
1069 2639 1352 2702 Nicolao
1397 2639 1977 2703 vicecancellario:
2025 2639 2186 2702 item
2224 2660 2349 2723 pro
2385 2640 2687 2722 piscibus
2716 2641 3097 2706 recentibus
3133 2641 3236 2706 VI
3273 2641 3459 2716 scoti,
3484 2642 3653 2705 item

453 2767 576 2829 pro
622 2747 914 2830 piscibus
957 2746 1287 2831 stracfusz
1331 2747 1434 2809 III
1483 2768 1581 2831 gr.
1645 2746 1806 2810 item
1851 2768 1975 2828 pro
2023 2749 2174 2810 oleo
2219 2748 2287 2811 ΙΙ
2336 2769 2437 2832 gr.
2501 2748 2660 2811 item
2724 2769 2848 2832 pro
2896 2749 3153 2813 cancris
3200 2747 3300 2811 IV
3348 2769 3474 2832 gr.
3462 2748 3653 2812 item

452 2874 572 2936 pro
620 2855 653 2917 I
699 2855 947 2918 octuali
993 2854 1271 2918 ceruisie
1317 2853 1421 2916 VI
1467 2855 1651 2919 scoti.

663 2962 834 3025 Item
884 2961 1224 3025 Ruthenis
1271 2981 1426 3024 curn
1474 2961 1716 3024 ceteris
1762 2960 2034 3024 Polonis
2085 2982 2291 3045 super
2336 2963 2545 3026 diaria
2589 2964 2922 3047 ipsorum:
2979 2964 3159 3027 item
3195 2984 3315 3046 pro
3360 2883 3655 3048 piscibus

445 3069 824 3132 recentibus
889 3068 1068 3132 XVI
1133 3069 1320 3142 scoti,
1382 3069 1542 3132 item
1607 3088 1730 3151 pro
1796 3068 1863 3131 II
1911 3089 2148 3155 sexag.
2211 3069 2493 3151 piscium
2559 3071 2888 3135 dictorum
2951 3071 3289 3152 stracfusz,
3328 3073 3657 3156 .quelibet

445 3198 683 3262 sexag.
728 3198 850 3260 per
894 3178 999 3241 III
1044 3190 1207 3242 scot.
1254 3177 1356 3241 VI
1404 3178 1590 3251 scoti,
1637 3177 1795 3240 item
1845 3198 1968 3261 pro
2015 3178 2046 3239 I
2094 3179 2303 3241 choro
2350 3199 2744 3242 cancrorum
2792 3179 2895 3241 III
2942 3179 3127 3252 scoti,
3173 3179 3333 3242 item
3380 3199 3501 3262 pro
3550 3180 3654 3242 III

445 3285 822 3350 octualibus
868 3286 1145 3350 ceruisie
1191 3284 1441 3349 XVIII
1487 3286 1672 3350 scoti.

659 3393 830 3456 Item
875 3392 1273 3456 falconistis:
1322 3393 1480 3456 item
1528 3413 1650 3475 pro
1697 3393 1990 3475 piscibus
2035 3393 2415 3457 recentibus
2462 3393 2597 3456 VII
2655 3395 2838 3470 scoti,
2904 3394 3063 3458 item
3110 3415 3239 3476 pro
3279 3396 3537 3459 cancris
3585 3394 3651 3458 II

446 3500 630 3574 scoti,
647 3575 654 3580 ι
673 3500 834 3563 item
882 3521 1005 3583 pro
1051 3499 1345 3582 piscibus
1391 3500 1720 3583 stracfusz
1765 3501 1866 3562 III
1915 3522 2018 3584 gr.
2062 3501 2221 3563 item
2269 3521 2393 3582 pro
2441 3502 2470 3562 1
2520 3501 2765 3565 octuali
2811 3502 3087 3565 ceruisie
3136 3501 3235 3564 VI
3286 3503 3472 3566 scoti.

661 3608 834 3670 Item
879 3607 1256 3691 hospitibus
1303 3609 1388 3670 de
1437 3606 1765 3672 Moszkwu
1785 3632 1810 3668 .·
1863 3607 2020 3670 item
2059 3628 2182 3689 pro
2220 3607 2513 3690 piscibus
2549 3609 2928 3674 recentibus
2966 3609 3068 3672 III
3106 3609 3291 3684 scoti,
3327 3610 3487 3674 item
3525 3631 3649 3693 pro

445 3716 738 3798 piscibus
789 3715 1119 3798 stracfusz
1173 3714 1240 3777 II
1298 3715 1482 3784 scoti,
1555 3716 1714 3778 item
1773 3735 1896 3796 pro
1951 3715 2209 3778 cancris
2267 3715 2369 3778 III
2426 3735 2525 3800 gr.
2582 3715 2742 3778 item
2800 3736 2921 3798 pro
2981 3716 3007 3777 I
3066 3717 3313 3781 octuali
3368 3719 3649 3782 ceruisie

446 3823 549 3886 VI
595 3824 782 3887 scoti.

661 3932 834 3995 Item
883 3933 1020 3994 dno
1069 3879 1254 4013 Regi
1301 3932 1387 3994 ad
1424 3932 1660 3993 horam
1702 3950 1901 3993 cene:
1948 3930 2108 3993 item
2148 3949 2271 4012 pro
2313 3931 2412 3992 III
2452 3931 2828 3994 octualibus
2865 3931 3141 3994 ceruisie
3181 3931 3428 3995 XVIII
3466 3935 3649 3998 scoti.

663 4041 834 4102 Item
883 4041 1016 4102 dne
1066 4038 1340 4122 Regine
1387 4037 1472 4100 ad
1520 4039 1756 4100 horam
1803 4059 2002 4102 cene.
2051 4037 2212 4101 item
2259 4058 2381 4119 pro
2430 4037 2495 4100 II
2536 4037 2911 4100 octualibus
2956 4039 3235 4102 ceruisie
3281 4039 3426 4103 XII
3464 4041 3649 4114 scoti,

446 4147 604 4211 item
651 4167 775 4230 pro
822 4146 1051 4208 XXX
1096 4146 1295 4228 pullis
1341 4164 1542 4226 super
1585 4144 1899 4218 falconeS,
1947 4145 2226 4228 quilibet
2273 4146 2497 4226 pullus
2543 4165 2664 4227 per
2722 4145 2783 4224 ¹‚l2
2843 4165 2941 4228 gr.
2990 4144 3149 4209 facit
3186 4146 3399 4228 V111l2
3460 4169 3559 4232 gr

660 4253 946 4318 Summa
991 4254 1168 4316 diete
1215 4253 1395 4315 XIII
1443 4273 1602 4316 mar.
1651 4253 1908 4315 XXIII
1925 4253 1986 4332 ¹l2
2045 4253 2227 4315 scoti.

660 4362 833 4425 Item
879 4360 1041 4424 feria
1088 4360 1187 4422 VI
1236 4361 1380 4442 ipso
1447 4360 1553 4424 die
1617 4381 1667 4425 s.
1709 4360 1943 4440 Jacobi
1990 4362 2046 4442 (2
2057 4359 2191 4442 5l7)
2257 4360 2394 4422 dno
2460 4357 2647 4444 Regi
2711 4361 2798 4425 ad
2864 4361 3251 4443 prandium:
3318 4362 3477 4426 item
3523 4383 3649 4447 pro

444 4470 738 4554 piscibus
786 4468 1166 4532 recentibus
1205 4468 1234 4529 Ι
1275 4488 1435 4532 mar.
1474 4468 1616 4530 XII
1633 4469 1696 4548 Ἲς
1744 4468 1928 4542 scoti,
1976 4467 2133 4531 item
2180 4487 2305 4550 pro
2357 4468 2421 4529 II
2467 4487 2705 4553 sexag.
2751 4467 3032 4551 piscium
3071 4469 3397 4533 dictorum
3439 4475 3645 4535 strac-

425 4577 612 4662 fusz,
660 4577 959 4658 quelibet
1020 4595 1254 4658 sexag.
1320 4596 1440 4658 per
1506 4574 1606 4638 IV
1653 4585 1815 4639 scot.
1881 4575 2052 4637 VIII
2118 4575 2304 4648 scoti,
2368 4575 2524 4637 item
2591 4595 2714 4658 pro
2762 4577 2826 4637 II
2876 4576 3091 4638 choris
3137 4597 3530 4641 cancrorum
3578 4578 3644 4641 V

445 4685 631 4758 scoti,
676 4684 836 4747 item
884 4703 1008 4765 pro
1055 4683 1205 4745 oleo
1255 4681 1354 4745 III
1401 4683 1586 4756 scoti,
1633 4682 1788 4744 item
1839 4703 1962 4764 pro
2019 4681 2119 4745 IV
2168 4683 2541 4746 octualibus
2607 4684 2902 4756 ceruisie‚
2968 4684 3315 4765 quodlibet
3378 4687 3643 4749 octuale

447 4813 566 4874 per
612 4791 715 4854 VI
761 4801 922 4854 scot.
972 4792 1001 4852 Ι
1051 4809 1212 4853 mar.
1943 4809 1948 4812 ·

662 4898 830 4960 Item
881 4898 1012 4959 dne
1062 4897 1334 4980 Regine
1381 4898 1468 4960 ad
1513 4897 1904 4978 prandium:
1953 4896 2109 4960 item
2149 4917 2272 4979 pro
2310 4897 2605 4979 piscibus
2642 4898 3022 4962 recentibus
3070 4899 3101 4961 1
3150 4917 3307 4962 mar.
3350 4900 3526 4963 XIV
3555 4923 3643 4966 sc.

445 5007 606 5071 item
654 5025 777 5087 pro
823 5005 853 5066 I
901 5024 1137 5088 sexag.
1201 5004 1482 5085 piscium
1549 5005 1879 5067 dictorum
1943 5003 2271 5088 stratffusz
2318 5005 2419 5066 IV
2466 5005 2651 5079 scoti,
2696 5005 2857 5068 item
2903 5026 3027 5088 pro
3073 5007 3174 5069 III
3224 5009 3443 5070 choris
3489 5030 3641 5073 can-

445 5133 710 5178 crorum
759 5111 902 5174 XV
951 5131 1050 5195 gr.
1097 5111 1253 5174 item
1303 5131 1425 5193 pro
1473 5112 1623 5173 oleo
1672 5111 1770 5174 III
1819 5112 2006 5184 scoti,
2070 5112 2228 5174 item
2284 5132 2409 5194 pro
2473 5113 2631 5193 piris
2676 5123 2745 5175 et
2791 5113 3038 5176 cerusis
3086 5113 3183 5176 IV
3232 5117 3417 5187 scoti,
3481 5117 3639 5179 item

445 5242 567 5304 pro
616 5221 684 5283 ΙΙ
731 5219 1106 5282 octualibus
1153 5217 1433 5282 ceruisie
1483 5218 1624 5280 XII
1673 5220 1860 5282 scoti.

660 5327 831 5390 Item
879 5329 1016 5390 dno
1063 5325 1494 5390 marsalconi:
1542 5326 1700 5388 item
1759 5346 1881 5408 pro
1927 5326 2220 5407 piscibus
2265 5327 2647 5390 recentibus
2692 5326 2792 5389 VI
2842 5328 3027 5402 scoti,
3072 5328 3233 5392 item
3280 5349 3401 5410 pro
3448 5331 3639 5412 pisci·

445 5440 574 5501 bus
617 5433 942 5518 stracfmz
989 5434 1056 5497 II
1104 5433 1289 5508 scoti,
1334 5433 1493 5497 item
1532 5454 1655 5515 pro
1694 5433 1951 5496 cancris
2003 5435 2028 5494 1
2077 5442 2238 5496 scot.
2285 5434 2447 5498 item
2485 5455 2607 5517 pro
2644 5435 2675 5496 1
2715 5435 2961 5498 octuali
3001 5436 3278 5499 ceruisie
3318 5435 3416 5499 VI
3455 5439 3639 5502 scoti.

659 5543 830 5606 Item
877 5544 1016 5606 dno
1061 5541 1144 5604 N.
1191 5541 1768 5604 vicecancellario:
1815 5541 1974 5602 item
2023 5561 2145 5622 pro
2191 5541 2486 5622 piscibus
2532 5542 2909 5606 recentibus
2948 5542 3050 5604 IV
3088 5542 3271 5616 scoti,
3318 5544 3475 5607 item
3518 5565 3640 5626 pro

444 5651 704 5716 cancris
749 5649 850 5712 III
899 5670 998 5734 gr.
1043 5649 1203 5712 item
1249 5668 1370 5731 pro
1419 5649 1449 5710 Ι
1497 5649 1744 5712 octuali
1789 5649 2068 5712 ceruisie
2119 5647 2216 5710 VI
2265 5649 2447 5712 scoti.
