4592 6559
951 534 1327 597 REJESTRA
1381 534 1644 599 STACYJ
1694 534 1982 583 Dwouu
2031 522 2301 583 KRoLA
2350 537 2373 583 1
2424 523 2860 601 KRoLowEJ.
2919 544 3103 601 1405·
3505 544 3625 603 313

591 743 598 750 ·
651 731 819 795 Item
867 730 1230 796 falconistis
1277 753 1429 796 curn
1481 734 1819 797 Ruthenis
1867 746 1934 797 et
1983 735 2254 799 Polonis
2310 756 2513 817 super
2558 737 2765 799 diaria
2810 737 3105 818 ipsorum
3158 748 3224 800 et
3272 757 3473 819 super
3517 737 3636 800 fal-

437 858 642 903 cones
688 842 1129 921 exponendo:
1176 842 1337 904 item
1388 862 1510 923 pro
1548 841 1842 924 piscibus
1879 843 2259 906 recentibus
2300 844 2446 905 XX
2488 845 2671 916 scoti,
2720 846 2877 906 item
2926 866 3047 926 pro
3098 846 3390 927 piscibus
3436 849 3640 908 strac-

416 946 586 1030 fusz
632 946 733 1008 VI
779 946 965 1020 scoti,
1031 948 1188 1011 item
1238 969 1362 1030 pro
1409 949 1666 1013 cancris
1714 950 1851 1012 VII
1898 951 2082 1024 scoti,
2147 951 2307 1014 item
2355 971 2478 1034 pro
2526 951 2749 1014 XXX
2821 952 3018 1033 pullis
3083 972 3283 1033 super
3346 951 3644 1015 falcones

437 1053 814 1135 specialiter
860 1053 1073 1135 VII1f'²
1133 1056 1318 1130 scoti,
1364 1056 1523 1120 item
1573 1078 1696 1139 pro
1744 1057 1845 1120 III
1894 1058 2270 1121 octualibus
2319 1059 2597 1121 ceruisie
2644 1058 2893 1120 XVIII
2941 1060 3124 1122 scoti.

501 1161 504 1165 ’
649 1160 934 1226 Summa
979 1161 1156 1225 die'te
1193 1163 1381 1225 XIV
1429 1184 1590 1227 mar.
1639 1164 1741 1226 VI
1756 1164 1818 1243 ¹l2
1878 1164 2061 1227 scoti.
2882 1182 2885 1187 ·

583 1286 591 1302 ‘
650 1268 821 1331 Item
870 1270 1155 1332 sabbato
1203 1269 1405 1351 (29s8)
1471 1272 1608 1333 dno
1655 1271 1840 1354 Regi
1890 1274 1975 1334 ad
2043 1272 2433 1355 prandium:
2500 1272 2655 1335 item
2722 1294 2845 1353 pro
2912 1273 3202 1354 piscibus
3264 1272 3643 1336 recentibus

437 1376 504 1439 ΙΙ
551 1396 711 1439 mar.
759 1379 918 1441 item
967 1398 1090 1459 pro
1137 1378 1394 1441 cancris
1441 1377 1545 1440 VI
1591 1379 1779 1453 scoti,
1825 1379 1983 1441 item
2032 1399 2152 1461 pro
2201 1377 2347 1441 VIC
2398 1400 2721 1451 oworum,
2788 1380 3135 1461 quodlibet
3199 1391 3466 1443 centurn
3527 1401 3646 1462 per

435 1483 539 1545 III
585 1503 686 1567 gr.
733 1482 894 1547 facit
942 1483 1041 1546 VI
1087 1496 1252 1549 scot.
1320 1485 1480 1548 item
1551 1507 1672 1569 pro
1737 1486 1804 1548 II
1851 1506 2086 1570 sexag.
2155 1506 2524 1556 caseorum,
2592 1486 2622 1561 I
2671 1507 2906 1567 sexag.
2972 1506 3094 1567 per
3141 1486 3241 1549 VI
3288 1500 3450 1550 scot.
3500 1488 3642 1549 XII

434 1591 638 1664 scoti‚'
667 1590 824 1654 item
875 1604 998 1673 pr'o
1045 1591 1144 1654 IV
1193 1593 1342 1656 ollis
1388 1592 1588 1656 butiri
1637 1592 1808 1656 VIII
1856 1594 2043 1668 scoti,
2112 1594 2269 1657 item
2338 1614 2461 1675 pro
2510 1594 2685 1656 lacte
2752 1606 2818 1656 et
2868 1614 3089 1656 crema
3140 1594 3203 1653 V
3251 1595 3435 1667 scoti,
3482 1595 3642 1658 item

435 1718 560 1779 pro
606 1697 708 1759 IV
753 1717 989 1781 sexag.
1055 1699 1334 1782 piscium
1401 1700 1732 1764 dictorum
1797 1700 2126 1785 stracfusz
2193 1722 2314 1783 per
2383 1701 2482 1762 III
2532 1721 2620 1765 se.
2685 1701 2828 1763 XII
2893 1702 3080 1770 scoti,
3147 1702 3302 1764 item
3374 1723 3495 1784 pro
3542 1702 3644 1764 III

435 1805 813 1869 actualibus
859 1806 1138 1869 ceruisie
1185 1808 1272 1870 de
1341 1805 1639 1871 Wzklicz'a
1686 1828 1807 1889 per
1854 1808 2028 1871 VIII
2076 1819 2238 1872 scot.
2286 1808 2320 1871 I
2368 1829 2530 1871 mar.
2578 1808 2750 1871 VIII
2799 1829 2885 1871 sc,

649 1912 821 1975 Item
869 1914 1003 1977 dne
1068 1914 1342 1997 Regine
1407 1917 1493 1978 ad
1558 1914 1947 1996 prandium:
2014 1916 2172 1978 item
2241 1936 2364 1997 pro
2422 1913 2715 1996 piscibus
2778 1916 3156 1979 recentibus
3204 1915 3414 1978 XVII
3462 1917 3645 1989 scoti,

434 2019 596 2083 item
645 2040 766 2101 pro
783 2048 798 2055 ·’
812 2019 958 2082 IVC
1007 2040 1311 2084 oworum
1362 2021 1462 2083 VI
1509 2023 1695 2097 scoti,
1759 2022 1918 2084 item
1985 2041 2108 2105 pro
2156 2022 2189 2085 I
2236 2041 2472 2105 sexag.
2532 2028 2877 2085 caseorum
2928 2022 2993 2081 V
2999 2024 3027 2085 I
3087 2024 3269 2093 scoti.
3317 2024 3475 2086 item
3522 2043 3644 2105 pro

436 2126 504 2187 II
553 2126 700 2189 ollis
745 2126 946 2189 butir‘i
991 2127 1128 2191 VII
1175 2128 1362 2203 scoti,
1409 2128 1569 2192 item
1618 2149 1740 2211 pro
1788 2131 1961 2191 lacte
2009 2140 2077 2191 et
2123 2150 2351 2192 crema
2396 2128 2538 2209 V¹f2
2599 2130 2782 2202 scoti,
2830 2130 2988 2193 item
3038 2149 3159 2210 pro
3207 2130 3461 2193 cancris
3508 2129 3643 2193 VII

435 2234 618 2309 scoti,
664 2234 823 2297 item
871 2255 994 2316 pro
1039 2234 1197 2318 piris
1243 2244 1312 2298 et
1358 2236 1574 2318 pomis
1621 2236 1686 2297 II
1734 2236 1918 2309 scoti,
1964 2236 2125 2299 item
2172 2256 2293 2318 pro
2342 2235 2442 2297 III
2482 2237 2859 2299 octualibus
2896 2238 3172 2301 ceruisie
3210 2240 3293 2299 de
3346 2234 3675 2305 Wivlz'cz'a

435 2361 559 2424 per
594 2340 766 2403 VIII
813 2351 974 2405 scot.
1023 2342 1054 2403 I
1108 2363 1270 2407 mar.

651 2448 822 2511 Item
868 2449 1022 2512 duci
1061 2448 1552 2534 Swidrgaloni:
1599 2450 1758 2514 item
1792 2472 1913 2533 pro
1951 2451 2248 2532 piscibus
2287 2452 2667 2514 recentibus
2706 2451 2885 2513 XVI
2923 2452 3106 2525 scoti,
3154 2452 3312 2514 item
3352 2472 3478 2533 pro
3514 2451 3643 2532 pis-

437 2555 626 2619 cibus
673 2556 864 2619 siccis
912 2556 1012 2617 IV
1060 2558 1242 2631 scoti,
1289 2558 1448 2621 item
1478 2578 1600 2639 pro
1647 2558 1794 2621 IIIC
1842 2566 2145 2622 oworum
2195 2558 2297 2620 IV
2328 2559 2495 2622 scoti
2546 2559 2575 2621 I
2624 2580 2721 2641 gr.
2770 2560 2929 2623 item
2969 2579 3089 2642 pro
3128 2559 3194 2621 II
3235 2559 3380 2622 ollis
3426 2559 3643 2630 butiri,

437 2663 734 2745 quelibet
782 2663 912 2727 olla
958 2684 1078 2746 per
1125 2665 1225 2727 III
1273 2686 1362 2727 se.
1412 2664 1511 2727 VI
1559 2666 1744 2739 scoti,
1791 2666 1948 2729 item
1997 2686 2119 2747 pro
2167 2667 2198 2728 Ι
2245 2687 2483 2750 sexag.
2533 2687 2881 2729 caseorum
2932 2666 3032 2727 VI
3082 2666 3265 2740 scoti,
3314 2666 3471 2729 item
3521 2687 3642 2747 pro

437 2770 698 2833 cancris
746 2769 812 2833 II
857 2770 1044 2843 scoti,
1109 2771 1267 2835 item
1333 2792 1456 2853 pro
1505 2774 1568 2835 II
1619 2773 1994 2836 octualibus
2060 2773 2358 2847 ceruisie‚
2424 2774 2771 2855 quodlibet
2837 2775 3102 2835 octuale
3165 2794 3286 2854 per
3332 2773 3504 2836 VIII
3552 2792 3643 2835 se.

437 2877 616 2939 XVI
663 2878 846 2941 scoti.

651 2984 822 3047 Item
871 2987 1026 3049 duci
1059 2984 1467 3050 Semisconi:
1515 2988 1671 3050 item
1725 2994 1846 3070 pro
1883 2988 2177 3070 piscibus
2219 2988 2599 3052 recentibus
2637 2987 2736 3050 VI
2785 2989 2971 3061 scoti,
3018 2989 3178 3051 item
3220 3009 3340 3069 pro
3379 2988 3433 3051 C
3462 3008 3644 3051 owo-

437 3112 586 3154 rum
630 3092 738 3172 1¹!²
779 3104 942 3157 scot.
989 3093 1144 3156 item
1186 3114 1308 3177 pro
1347 3095 1572 3156 XXX
1625 3096 1838 3159 caseis
1878 3095 1979 3158 III
2019 3096 2204 3169 scoti,
2252 3096 2408 3157 item
2458 3116 2579 3177 pro
2627 3096 2656 3157 I
2707 3097 2838 3157 olla
2886 3095 3081 3158 butiri
3132 3095 3193 3155 V
3246 3096 3427 3169 scoti,
3485 3096 3641 3158 item

438 3219 568 3280 pro
609 3199 640 3259 I
689 3200 933 3261 octuali
973 3202 1250 3263 ceruisie
1299 3201 1395 3263 VI
1446 3202 1630 3265 scoti.

651 3307 820 3370 Item
869 3308 1022 3370 duci
1069 3308 1388 3372 Bolconi:
1447 3310 1605 3373 item
1656 3330 1778 3391 pro
1825 3310 2116 3391 piscibus
2162 3310 2543 3373 recentibus
2590 3310 2691 3371 IV
2739 3312 2923 3383 scoti,
2990 3312 3149 3374 item
3219 3332 3340 3394 pro
3388 3312 3643 3374 cancris

439 3413 504 3476 11
551 3414 734 3487 scoti,
783 3414 937 3476 item
987 3436 1110 3496 pro
1157 3415 1208 3479 C
1257 3436 1558 3479 oworum
1618 3417 1727 3497 I¹,'2
1787 3418 1968 3491 scoti,
2016 3418 2171 3478 item
2241 3438 2361 3498 pro
2412 3406 2557 3479 XX
2626 3419 2835 3480 caseis
2884 3419 2950 3480 II
2998 3418 3183 3493 scoti,
3230 3418 3391 3480 item
3440 3439 3562 3500 pro
3611 3419 3642 3481 Ι

435 3521 570 3583 olla
614 3520 811 3584 butiri
859 3522 926 3584 II
971 3524 1156 3599 scoti,
1204 3526 1366 3588 item
1414 3532 1536 3606 pro
1584 3525 1615 3587 I
1663 3524 1910 3586 octuali
1960 3525 2236 3587 ceruisie
2278 3525 2377 3588 VI
2418 3526 2601 3587 scoti.

649 3628 818 3690 Item
867 3630 1018 3693 duci
1069 3631 1450 3694 Bernardo:
1499 3632 1654 3694 item
1705 3652 1826 3713 pro
1874 3630 2167 3713 piscibus
2225 3632 2605 3695 recentibus
2642 3632 2710 3693 ΙΙ
2757 3632 2942 3703 scoti,
3008 3634 3165 3695 item
3215 3654 3337 3714 pro
3385 3635 3641 3697 cancris

435 3734 468 3796 I
513 3746 678 3798 scot.
724 3736 881 3798 item
933 3758 1055 3819 pro
1102 3738 1154 3799 C
1186 3759 1486 3802 oworum
1537 3738 1644 3817 I¹l2
1704 3737 1887 3810 scoti,
1933 3739 2093 3801 item
2142 3760 2264 3821 pro
2312 3739 2343 3799 I
2392 3740 2523 3801 olla
2571 3739 2767 3801 butiri
2817 3740 2882 3801 II
2931 3739 3113 3815 scoti,
3181 3739 3337 3803 item
3388 3762 3507 3822 pro
3567 3742 3629 3821 ¹¹¹2

435 3842 680 3905 octuali
727 3844 1006 3907 ceruisie
1054 3845 1156 3907 III
1205 3848 1388 3911 scoti.

651 3948 820 4013 Item
869 3952 1023 4015 duci
1069 3951 1508 4036 Sigismundo
1555 3974 1709 4016 curn
1760 3954 1988 4017 Graba
2053 3953 2258 4035 ipsius
2306 3953 2524 4016 socio:
2592 3954 2749 4016 item
2819 3974 2941 4035 pro
3005 3954 3297 4037 piscibus
3361 3955 3639 4018 recenti—

433 4058 562 4119 bus
609 4056 675 4119 11
721 4058 906 4133 scoti,
953 4060 1109 4122 item
1159 4081 1282 4144 pro
1329 4060 1586 4123 cancris
1633 4060 1664 4123 I
1711 4072 1874 4125 scot.
1941 4062 2097 4122 item
2147 4082 2270 4142 pro
2338 4062 2548 4123 caseis
2613 4072 2681 4124 et
2737 4062 2903 4125 owis
2950 4062 3015 4123 ΙΙ
3063 4062 3246 4136 scoti,
3310 4064 3469 4125 item
3518 4083 3641 4144 pro

432 4164 654 4227 butiro
701 4164 734 4227 I
779 4176 940 4229 scot.
988 4167 1145 4231 item
1195 4189 1316 4250 pro
1378 4170 1438 4249 ¹¹12
1497 4168 1743 4232 octuali
1799 4168 2080 4231 ceruisie
2128 4168 2229 4229 III
2277 4169 2463 4231 scoti.

649 4272 819 4335 Item
867 4276 1004 4339 dno
1051 4278 1484 4339 marsalconi:
1551 4276 1709 4339 item
1758 4296 1880 4357 pro
1926 4274 2218 4357 piscibus
2263 4275 2647 4338 recentibus
2693 4274 2864 4338 VIII
2904 4276 3088 4349 scoti,
3136 4276 3293 4339 item
3341 4298 3463 4358 pro
3511 4278 3638 4359 pis-

431 4378 622 4441 cibus
667 4378 858 4443 siccis
903 4381 972 4445 ΙΙ
1018 4384 1203 4457 scoti,
1241 4384 1396 4447 item
1446 4404 1571 4465 pro
1617 4382 1875 4445 cancris
1928 4381 1995 4444 II
2042 4382 2229 4456 scoti,
2275 4382 2435 4445 item
2483 4388 2617 4465 pro·
2645 4381 2697 4445 C
2748 4402 3048 4445 oworum
3098 4384 3207 4463 1¹:¹2
3271 4394 3430 4446 scot.
3478 4384 3636 4446 item

431 4506 556 4568 pro
604 4485 636 4547 I
684 4488 816 4551 olla
861 4490 1060 4551 butiri
1100 4490 1166 4552 II
1204 4491 1390 4563 scoti,
1437 4490 1596 4553 item
1648 4510 1770 4572 pro
1818 4490 1850 4551 I
1896 4490 2145 4552 octuali
2191 4488 2470 4552 ceruisie
2516 4488 2619 4550 VI
2665 4490 2854 4552 scoti.
3537 4565 3543 4575 ι

648 4594 820 4657 Item
867 4598 1004 4659 dno
1052 4596 1330 4659 Nicolao
1389 4597 1968 4661 vicecancellario:
2033 4596 2191 4659 item
2258 4616 2381 4678 pro
2445 4596 2739 4677 piscibus
2805 4598 3187 4660 recentibus
3250 4598 3385 4661 VII
3454 4601 3637 4673 scoti,

432 4700 591 4763 item
639 4722 762 4784 pro
808 4704 1066 4767 cancris
1110 4704 1178 4767 II
1223 4705 1408 4779 scoti,
1463 4705 1622 4767 item
1669 4724 1792 4787 pro
1839 4704 1892 4768 C
1939 4724 2241 4767 oworum
2291 4704 2401 4785 I¹l2
2460 4714 2621 4766 scot.
2688 4704 2845 4765 item
2895 4726 3017 4785 pro
3064 4704 3210 4767 XII
3257 4706 3467 4768 caseis
3516 4707 3623 4787 I¹s2

435 4818 594 4871 scot.
640 4808 800 4873 item
847 4830 971 4893 pro
1017 4810 1050 4873 Ι
1097 4812 1230 4875 olla
1274 4812 1474 4875 butiri
1522 4811 1588 4874 II
1635 4811 1820 4886 scoti,
1867 4812 2023 4874 item
2070 4832 2194 4893 pro
2240 4811 2272 4873 I
2320 4810 2567 4873 octuali
2614 4811 2891 4874 ceruisie
2938 4810 3040 4874 VI
3087 4813 3271 4875 scoti.

647 4916 816 4979 Item
873 4917 1234 4983 falconistis
1281 4940 1432 4983 cum
1483 4919 1720 4982 ceteris
1768 4919 2106 4982 Ruthenis
2153 4929 2221 4980 et
2269 4918 2542 4980 Polonis
2588 4938 2791 5000 super
2838 4919 3045 4981 diaria
3091 4919 3423 5001 ipsorum:
3472 4922 3632 4984 item

434 5042 557 5104 pro
602 5043 846 5105 pecore
892 5025 1079 5088 XXI
1125 5027 1310 5101 scoti,
1356 5027 1513 5089 item
1563 5047 1684 5108 pro
1731 5025 1863 5088 LX
1922 5024 2120 5107 pullis
2166 5025 2238 5087 X
2287 5026 2471 5099 scoti,
2540 5025 2698 5087 item
2748 5045 2870 5106 pro
2918 5026 3211 5106 piscibus
3256 5048 3458 5109 super
3508 5028 3632 5091 Po-

433 5130 626 5191 lonos
671 5130 778 5193 XI
825 5134 1015 5208 scoti,
1059 5134 1217 5197 item
1283 5153 1406 5216 pro
1472 5132 1628 5196 IVC
1675 5152 1976 5196 oworum
2025 5131 2125 5193 VI
2172 5132 2357 5206 scoti,
2406 5133 2565 5194 item
2615 5153 2735 5216 pro
2785 5133 2816 5194 I
2872 5153 3109 5215 sexag.
3148 5154 3497 5197 caseorum
3532 5136 3632 5197 VI

433 5237 616 5312 scoti,
662 5238 822 5301 item
871 5259 993 5321 pro
1030 5239 1134 5302 III
1171 5241 1320 5303 ollis
1354 5240 1554 5303 butiri
1591 5238 1692 5301 IV
1721 5239 1903 5312 scoti,
1948 5239 2106 5301 item
2146 5259 2268 5321 pro
2306 5239 2409 5302 III
2449 5240 2824 5302 octualibus
2861 5240 3137 5303 ceruisie
3166 5240 3414 5304 XVIII
3444 5244 3629 5306 scoti.

647 5345 818 5409 Item
867 5351 1003 5409 dno
1051 5346 1236 5431 Regi
1300 5348 1386 5409 ad
1431 5366 1704 5410 cenam:
1768 5346 1928 5408 item
1996 5366 2119 5429 pro
2182 5346 2476 5428 piscibus
2542 5348 2921 5410 recentibus
2988 5346 3168 5411 XVI
3224 5350 3406 5423 scoti,
3472 5350 3629 5412 item

431 5470 554 5532 pro
609 5451 867 5516 cancris
911 5452 1014 5515 VI
1079 5454 1263 5528 scoti,
1330 5454 1488 5515 item
1556 5473 1678 5534 pro
1744 5452 1889 5515 VIC
1935 5473 2239 5516 oworum
2294 5453 2405 5515 IX
2469 5456 2653 5527 scoti,
2719 5454 2874 5516 item
2944 5466 3081 5536 pro·
3131 5454 3162 5515 I
3228 5474 3458 5539 sexag.
3524 5468 3630 5519 ca·

431 5576 697 5622 seorum
748 5559 846 5623 VI
891 5560 1078 5636 scoti,
1143 5560 1303 5624 item
1326 5565 1492 5642 'ipro
1558 5559 1659 5622 III
1706 5559 1854 5623 ollis
1919 5561 2117 5623 butiri
2174 5559 2272 5621 VI
2290 5562 2352 5641 ¹s2
2411 5562 2594 5635 scoti,
2660 5561 2817 5623 item·
2876 5581 2998 5642 pro
3055 5563 3228 5624 lacte
3284 5576 3379 5659 et·
3406 5585 3631 5656 crema

643 5698 932 5741 monumenta
962 5700 1096 5741 nun-dii
1126 5712 1240 5741 mm.
1270 5700 1444 5741 ·1·.xv.
1737 5684 1742 5689 ’
1908 5720 1917 5730 -
1965 5692 1970 5699 ¹
2326 5674 2333 5680 ¹
2438 5674 2445 5686 1
2592 5656 2627 5687 '¹
2669 5658 2673 5662 '
2735 5675 2741 5683 Ι
2933 5674 2961 5695 μ’
3032 5684 3061 5699 ’“
3198 5682 3205 5691 .
3350 5672 3449 5751 40⁴
3536 5694 3541 5697 Ι
3597 5671 3631 5685 ι’
