4592 6559
931 518 1310 582 REJESTRA
1357 518 1618 582 STACYJ
1671 518 1960 569 DWORU
2007 507 2277 569 KROLA
2328 519 2353 568 1
2404 508 2840 585 KROLOWEJ.
2898 527 3080 586 1405.
3476 529 3593 587 297

621 717 788 779 Item
839 718 993 781 duci
1040 718 1475 782 Alexandro:
1535 720 1690 781 item
1740 739 1862 802 pro
1907 719 2200 800 piscibus
2245 720 2623 783 recentibus
2671 719 2807 782 VII
2852 721 3034 794 scoti,
3101 720 3260 784 item
3306 741 3429 802 pro
3476 721 3607 803 pis-

408 825 596 888 cibus
641 825 902 888 salsatis
948 825 1050 888 III
1096 826 1278 898 scoti,
1327 827 1484 888 item
1533 847 1656 907 pro
1701 829 1852 889 olco
1901 826 1964 888 ΙΙ
2014 828 2195 901 scoti,
2245 827 2405 890 item
2454 847 2575 908 pro
2613 827 2645 889 I
2684 828 2928 890 octuali
2965 828 3245 890 ceruisie
3282 827 3383 890 VI
3422 829 3607 892 scoti.

623 932 794 994 Item
842 932 997 996 duci
1045 932 1360 996 Bolconi:
1428 934 1586 996 item
1634 955 1757 1015 pro
1805 934 2098 1016 piscibus
2142 935 2522 996 recentibus
2569 934 2671 997 VI
2717 934 2900 1007 scoti,
2968 936 3125 997 item
3175 955 3297 1016 pro
3345 937 3503 998 oleo·
3541 935 3610 998 II

410 1039 594 1113 scoti,
624 1039 798 1104 ‚item
847 1060 969 1121 pro
1017 1040 1048 1102 Ι
1097 1041 1341 1102 octuali
1389 1041 1665 1104 ceruisie
1713 1039 1812 1102 VI
1861 1041 2042 1104 scoti.
3208 1042 3215 1048 ’

626 1145 796 1209 Item
846 1147 1276 1210 marsalconi:
1324 1149 1484 1210 item
1531 1169 1654 1230 pro
1700 1148 1996 1230 piscibus
2044 1149 2425 1211 recentibus
2464 1149 2564 1212 IV
2602 1150 2788 1222 scoti,
2835 1150 2993 1212 item
3032 1169 3154 1231 pro
3194 1151 3343 1212 oleo
3377 1149 3414 1210 -I
3453 1160 3612 1212 scot.

413 1253 568 1316 item
618 1273 740 1335 pro
786 1253 817 1314 I
868 1255 1112 1316 octuali
1160 1255 1442 1317 ceruisie
1491 1255 1589 1317 III
1638 1257 1820 1318 scoti.
1859 1275 1862 1280 ·

628 1360 798 1422 Item
848 1362 984 1423 dno
1031 1361 1112 1422 N.
1160 1361 1740 1426 vicecancellario:
1805 1364 1966 1426 item
2031 1383 2154 1445 pro
2217 1364 2511 1445 piscibus
2575 1364 2955 1428 recentibus
3000 1363 3139 1427 VII
3204 1364 3387 1438 scoti,
3454 1365 3614 1427 item

417 1487 538 1548 pro
585 1469 735 1550 eleo
783 1468 850 1530 II
895 1469 1080 1541 scoti,
1129 1469 1287 1530 item
1335 1490 1457 1551 pro
1503 1469 1536 1532 I
1584 1471 1830 1533 octuali
1875 1471 2152 1534 ceruisie
2202 1470 2304 1532 IV
2352 1472 2535 1534 scoti.

631 1574 801 1637 Item
847 1574 1216 1657 hospitibus
1265 1577 1622 1650 Bohemie;
1687 1578 1845 1640 item
1893 1597 2016 1660 pro
2079 1578 2375 1661 piscibus
2441 1579 2821 1642 recentibus
2868 1579 3013 1642 XII
3061 1579 3241 1653 scoti,
3290 1577 3447 1641 item
3496 1597 3619 1660 pro

416 1682 710 1764 piscibus
773 1683 1034 1746 salsatis
1101 1683 1202 1746 IV
1249 1684 1431 1758 scoti,
1497 1685 1657 1748 item
1722 1705 1842 1768 pro
1909 1685 2060 1748 oleo
2125 1685 2194 1747 II
2251 1685 2435 1758 scoti,
2501 1685 2661 1748 item
2729 1705 2849 1767 pro
2908 1687 2971 1766 Ἀ
3030 1685 3276 1749 octuali
3342 1685 3620 1749 ceruisie

418 1789 519 1852 III
566 1789 751 1853 scoti.

634 1897 804 1960 Item
853 1918 975 1979 pro
1033 1898 1435 1962 Miklassoni
1480 1898 1799 1983 Vngaro:
1865 1899 2021 1962 item
2091 1919 2213 1981 pro
2277 1899 2570 1983 piscibus
2635 1900 3015 1962 recentibus
3080 1899 3181 1962 IV
3228 1899 3411 1974 scoti,
3460 1899 3622 1963 item

419 2025 542 2087 pro
588 2004 882 2087 piscibus
926 2006 1188 2068 salsatis
1235 2005 1336 2067 III
1383 2006 1567 2078 scoti,
1615 2007 1773 2070 item
1825 2027 1944 2088 pro
1992 2009 2142 2070 oleo
2190 2005 2258 2070 II
2306 2007 2491 2080 scoti,
2540 2007 2697 2070 item
2745 2027 2869 2089 pro
2929 2007 2989 2088 ¹l2
3048 2006 3299 2070 octuali
3347 2007 3625 2069 ceruisie

423 2112 525 2175 III
571 2113 754 2176 scoti.

637 2220 810 2282 Item
860 2220 1202 2283 Ruthenis
1249 2241 1402 2284 cum
1451 2221 1595 2284 aliis
1660 2222 1934 2285 Polonis
1998 2243 2202 2304 super
2266 2223 2475 2286 diaria
2538 2222 2873 2304 ipsorum:
2939 2221 3095 2284 item
3164 2241 3288 2303 pro
3334 2221 3628 2304 piscibus

422 2327 804 2394 recentibus
868 2327 1116 2390 XVIII
1183 2329 1368 2404 scoti,
1435 2329 1592 2392 item
1659 2350 1782 2411 pro
1845 2329 2140 2412 piscibus
2207 2330 2469 2393 salsatis
2533 2327 2635 2390 IV
2682 2329 2865 2402 scoti,
2933 2329 3092 2392 item
3158 2349 3281 2410 pro
3328 2331 3477 2391 oleo
3525 2327 3628 2391 III

421 2433 608 2508 scoti,
655 2434 813 2498 item
862 2455 984 2517 pro
1031 2435 1133 2497 III
1182 2436 1558 2500 octualibus
1605 2437 1886 2500 ceruisie
1936 2437 2184 2500 XVIII
2232 2437 2421 2500 scoti.

637 2542 808 2605 Item
856 2540 1218 2605 falconistis
1263 2544 1671 2625 specialiter:
1721 2545 1879 2606 item
1927 2565 2052 2626 pro
2099 2545 2393 2626 piscibus
2441 2544 2821 2607 recentibus
2869 2542 3004 2606 VII
3051 2545 3240 2617 scoti,
3287 2544 3442 2606 item
3504 2563 3626 2626 pro

426 2651 576 2712 oleo
624 2650 690 2713 ΙΙ
738 2648 920 2724 scoti,
968 2650 1125 2712 item
1174 2672 1296 2733 pro
1344 2651 1373 2713 Ι
1423 2652 1668 2714 octuali
1715 2652 1994 2715 ceruisie
2045 2651 2143 2714 VI
2192 2651 2379 2714 scoti.

639 2755 926 2822 Summa
969 2759 1146 2820 diete
1195 2759 1303 2821 XI
1351 2779 1510 2822 mar.
1559 2759 1665 2822 IX
1715 2779 1813 2842 gr.

641 2865 811 2927 Item
859 2865 1194 2928 dominica
1270 2866 1621 2929 Invocauit
1668 2869 1824 2949 (8s3)
1883 2868 2019 2930 dno
2085 2867 2272 2950 Regi
2338 2869 2422 2930 ad
2488 2865 2879 2949 prandium:
2946 2867 3103 2930 item
3170 2886 3291 2948 pro
3338 2864 3629 2949 piscibus

429 2972 810 3035 recentibus
859 2972 923 3034 II
973 2993 1132 3035 mar.
1182 2971 1316 3035 'VII
1365 2975 1546 3048 scoti,
1613 2974 1768 3036 item
1839 2995 1959 3056 pro
2024 2975 2317 3057 piscibus
2379 2975 2638 3037 salsatis
2701 2972 2879 3036 XVI
2896 2974 2957 3054 ¹!ae
3034 2973 3216 3047 scoti,
3282 2973 3438 3037 item
3504 2993 3629 3056 pro

429 3080 581 3142 oleo
627 3079 763 3142 VII
810 3081 992 3154 scoti,
1041 3082 1197 3143 item
1249 3083 1485 3163 pisum.
1534 3082 1825 3154 mileum,
1891 3083 2007 3156 sal,
2054 3083 2182 3144 ista
2243 3081 2547 3164 propria;
2612 3082 2769 3144 item
2819 3081 3009 3163 panis
3076 3081 3269 3143 albus
3316 3091 3384 3142 et
3426 3081 3629 3163 siligi-

430 3207 598 3250 neus
645 3188 988 3269 proprius;
1055 3189 1210 3250 item
1270 3209 1393 3271 pro
1441 3189 1542 3250 VI
1610 3190 1984 3253 octualibus
2050 3189 2347 3264 ceruisie,
2415 3189 2761 3270 quodlibet
2826 3189 3088 3250 octuale
3153 3207 3275 3269 per
3319 3185 3420 3248 VI
3468 3199 3631 3252 scot.

428 3294 459 3355 I
477 3295 540 3374 ¹12·
598 3315 757 3358 mar.

643 3403 816 3465 Item
865 3404 998 3466 dne
1045 3403 1319 3488 Regine
1385 3405 1471 3467 ad
1517 3404 1906 3486 prandium:
1973 3405 2128 3467 item
2199 3424 2322 3486 pro
2387 3403 2680 3486 piscibus
2746 3402 3122 3466 recentibus
3170 3403 3202 3464 Ι
3248 3421 3409 3466 mar.
3458 3401 3629 3464 VIII

430 3511 614 3583 scoti,
661 3510 817 3572 item
867 3531 989 3592 pro
1035 3511 1329 3592 piscibus
1376 3512 1638 3574 salsatis
1685 3511 1944 3592 XIII¹J2
2002 3511 2183 3585 scoti,
2231 3511 2389 3574 item
2440 3531 2559 3593 pro
2608 3512 2759 3574 oleo
2806 3509 2872 3571 V
2920 3511 3104 3584 scoti,
3150 3510 3310 3571 item
3359 3530 3481 3591 pro
3527 3509 3631 3572 III

432 3618 805 3680 octualibus
852 3620 1130 3682 ceruisie
1179 3619 1426 3682 XVIII
1473 3619 1654 3682 scoti.

647 3725 816 3788 Item
883 3726 1038 3789 duci
1103 3726 1537 3789 Alexandro:
1603 3726 1760 3789 item
1827 3746 1949 3808 pro
2014 3726 2307 3808 piscibus
2370 3725 2751 3788 recentibus
2802 3723 2975 3806 V1²J2
3052 3725 3235 3799 scoti,
3302 3725 3461 3787 item
3508 3743 3631 3806 pro

431 3831 726 3913 piscibus
789 3833 1050 3895 salsatis
1115 3833 1216 3896 IV
1274 3834 1458 3907 scoti,
1522 3835 1682 3896 item
1749 3853 1872 3914 pro
1937 3833 2088 3896 oleo
2153 3833 2220 3896 II
2284 3833 2467 3908 scoti,
2535 3834 2693 3896 item
2760 3851 2883 3915 pro
2949 3832 2980 3894 I
3046 3831 3291 3894 octuali
3356 3832 3633 3895 ceruisie

429 3938 533 4000 VI
582 3941 762 4002 scoti.
1449 3948 1456 3960 “

647 4047 818 4110 Item
866 4049 1020 4111 duci
1068 4049 1382 4112 Bolconi:
1430 4048 1588 4111 item
1641 4069 1762 4132 pro
1809 4049 2104 4130 piscibus
2150 4048 2531 4111 recentibus
2577 4045 2678 4109 VI
2726 4047 2909 4121 scoti,
2966 4067 3087 4128 pro
3135 4047 3285 4110 oleo
3333 4046 3401 4109 II
3448 4047 3632 4122 scoti,

431 4155 590 4218 item
640 4175 760 4238 pro
807 4156 1051 4218 octuali
1099 4155 1374 4218 ceruisie
1421 4155 1521 4217 VI
1569 4157 1754 4219 scoti.
1813 4235 1820 4242 Ι
3624 4147 3626 4150 ⁴

649 4263 816 4326 Item
871 4264 1302 4326 marsalconi:
1349 4263 1509 4325 item
1558 4284 1680 4345 pro
1725 4261 2019 4347 piscibus
2065 4263 2447 4326 recentibus
2493 4262 2557 4322 V
2607 4262 2787 4336 scoti,
2835 4261 2993 4325 item
3040 4281 3161 4344 pro
3210 4263 3361 4324 oleo
3400 4261 3432 4324 I
3471 4273 3631 4325 scot.

432 4371 592 4433 item
640 4390 762 4452 pro
825 4371 884 4451 ΕΙ,
943 4372 1190 4434 octuali
1237 4371 1516 4434 ceruisie
1564 4370 1666 4433 III
1713 4371 1895 4434 scoti.

649 4477 818 4540 Item
868 4478 1003 4541 dno
1051 4479 1332 4542 Nicolao
1380 4479 1930 4542 vicecancellario
1977 4478 2212 4562 Regni
2259 4477 2573 4540 Polonie:
2639 4477 2799 4540 item
2846 4496 2968 4558 pro
3016 4475 3308 4559 piscibus
3353 4477 3632 4540 recenti-

433 4587 562 4649 bus
609 4584 710 4647 VI
754 4586 934 4660 scoti,
983 4585 1142 4648 item
1188 4606 1309 4668 pro
1355 4584 1649 4669 piscibus
1695 4585 1954 4648 salsatis
2001 4584 2102 4648 IV
2151 4585 2333 4658 scoti,
2380 4585 2540 4647 item
2580 4604 2703 4667 pro
2741 4585 2893 4647 oleo
2930 4584 3032 4647 III
3078 4583 3264 4657 scoti,
3310 4585 3471 4648 item
3508 4605 3633 4668 pro

435 4693 467 4755 I
515 4693 760 4756 octuali
807 4693 1083 4757 ceruisie
1131 4693 1232 4756 VI
1277 4695 1461 4757 scoti.
2459 4752 2463 4756 .

649 4801 820 4863 Item
866 4801 1235 4883 hospitibus
1280 4803 1418 4863 dno
1467 4801 1758 4865 Hinconi
1805 4801 1890 4862 de
1937 4801 2298 4864 Bohemia:
2348 4799 2507 4862 item
2545 4819 2670 4882 pro
2708 4799 3000 4881 piscibus
3043 4799 3423 4862 recentibus
3462 4797 3633 4861 VIII

433 4907 617 4982 scoti,
666 4907 822 4970 item
872 4929 993 4990 pro
1040 4910 1191 4971 oleo
1240 4909 1308 4970 II
1355 4909 1537 4982 scoti,
1585 4907 1742 4970 item
1793 4929 1916 4991 pro
1975 4909 2038 4990 ¹.s2
2097 4908 2345 4971 octuali
2392 4906 2672 4970 ceruisie
2719 4906 2822 4969 III
2870 4906 3052 4970 scoti.

653 5016 821 5078 Item
867 5017 1004 5078 dno
1070 5016 1458 5079 Miclassoni
1505 5015 1824 5100 Vngaro:
1891 5016 2052 5079 item
2117 5036 2242 5099 pro
2309 5015 2600 5098 piscibus
2664 5014 3045 5077 recentibus
3093 5012 3195 5076 VI
3242 5015 3423 5090 scoti,
3470 5014 3629 5078 item

434 5143 558 5205 pro
604 5125 756 5187 oleo
803 5123 832 5184 Ι
881 5133 1043 5186 scot.
1090 5124 1249 5186 item
1297 5143 1417 5204 pro
1477 5122 1538 5204 ¹,l2
1601 5123 1846 5186 octuali
1893 5123 2170 5187 ceruisie
2219 5123 2320 5186 III
2368 5123 2553 5187 scoti.

649 5231 819 5292 Item
870 5230 1210 5293 Ruthenis
1273 5251 1428 5293 cum
1496 5231 1638 5294 aliis
1704 5229 1978 5294 Polonis
2040 5251 2242 5314 super
2305 5230 2513 5294 diaria
2569 5230 2901 5311 ipsorum:
2965 5229 3123 5292 item
3171 5249 3295 5312 pro
3341 5229 3633 5311 piscibus

434 5338 816 5401 recentibus
851 5336 1068 5400 XVII
1105 5337 1289 5407 scoti,
1336 5337 1494 5400 item
1543 5356 1664 5418 pro
1711 5337 2006 5421 piscibus
2051 5337 2314 5400 salsatis
2358 5337 2468 5400 XI
2516 5337 2709 5412 scoti‚.
2744 5337 2904 5399 item
2952 5357 3075 5417 pro
3122 5337 3272 5399 oleo
3308 5334 3411 5398 IV
3450 5335 3632 5409 scoti,

434 5444 593 5508 itern
641 5465 765 5528 pro
812 5444 914 5507 III
963 5445 1337 5508 octualibus
1383 5445 1662 5507 ceruisie
1710 5444 1958 5507 XVIII
2005 5445 2190 5509 scoti.

651 5552 822 5615 Item
887 5550 1282 5615 falconistis:
1349 5551 1508 5614 item
1574 5572 1698 5633 pro
1761 5551 2052 5635 piscibus
2115 5553 2495 5615 recentibus
2541 5550 2678 5614 VII
2742 5550 2925 5625 scoti,
2993 5551 3150 5614 item
3199 5569 3321 5632 pro
3368 5549 3519 5612 oleo
3566 5549 3633 5612 II

433 5661 618 5735 scoti,
665 5659 821 5722 item
869 5681 994 5744 pro
1040 5659 1073 5722 I
1120 5659 1364 5724 octuali
1412 5649 1687 5724 ceruisie
1732 5659 1835 5722 VI
1881 5659 2067 5722 scoti.

649 5799 938 5842 Eonumentn
965 5799 1102 5842 modii
1130 5799 1228 5842 aovi
1271 5799 1321 5842 T.
1351 5799 1446 5842 XV.
3352 5783 3419 5846 33
