4592 6559
967 467 1090 541 246
1613 477 1992 542 REJESTRA
2041 479 2559 542 PonRzsscrwA
2606 469 3265 530 KORCZYNSKIEGO.
3323 487 3505 547 1394·

961 677 1118 758 piris
1165 686 1233 738 et
1279 678 1600 758 prunellis
1647 678 1750 740 III
1798 679 1980 751 scoti,
2031 699 2152 760 pro
2198 681 2573 742 cucumeris
2620 681 2651 742 I
2700 703 2798 764 gr.
2866 702 2987 763 pro
3034 682 3442 763 petr-ozelino
3488 683 3589 745 VI
3638 684 3787 745 den.
3844 683 4035 765 panis
4079 684 4163 746 si-

962 783 1184 869 liginis
1250 785 1352 847 Vl
1418 805 1654 869 sexag.
1720 787 1854 848 albi
1921 787 1952 849 I
2017 808 2252 872 sexag.
2320 787 2604 870 propria,
2678 788 2957 852 ceruisie
3022 792 3108 852 ad
3181 799 3393 852 totam
3459 790 3637 854 diem
3707 791 3809 854 IV
3874 791 4163 854 octualia

961 893 1245 974 propria.

1176 1001 1352 1064 Duci
1397 999 1820 1084 Scargelloni
1882 1003 1948 1064 in
1997 1003 2246 1084 paratis
2293 1003 2362 1065 ΙΙ
2409 1025 2569 1066 mar.
2618 1005 2809 1085 panis
2856 1005 2888 1066 Ι
2934 1024 3168 1088 sexag.
3236 1005 3514 1068 ceruisie
3580 1004 3611 1067 I
3678 1006 3941 1069 octuale
4014 1027 4161 1088 pro-

961 1107 1121 1188 pria,
1169 1109 1357 1190 equis
1404 1109 1703 1171 omnium
1753 1130 1966 1172 auene
2015 1111 2088 1172 X
2136 1131 2347 1173 mens.
2392 1111 2673 1193 proprie,
2721 1110 2951 1174 fenum
3002 1121 3070 1173 et
3115 1113 3431 1195 gramina
3476 1114 3761 1196 propria.

1175 1215 1438 1278 Eodem
1486 1217 1593 1279 die
1641 1220 1775 1280 dna
1822 1218 2098 1300 Regina
2145 1220 2232 1280 ad
2277 1231 2547 1282 noctem
2596 1219 2969 1282 Wisliciam
3018 1221 3377 1301 processit;
3425 1221 3642 1283 eidem
3682 1221 3748 1283 in
3792 1221 4159 1284 Wisliciam

964 1344 1085 1404 pro
1133 1324 1200 1386 II
1247 1324 1622 1387 octualibus
1671 1326 1948 1388 ceruisie
1997 1326 2244 1388 XVIII
2293 1327 2480 1390 scoti.

1174 1429 1458 1495 Summa
1502 1432 1634 1495 diei
1680 1431 1748 1493 V
1795 1453 1956 1496 mar.
2001 1433 2251 1497 XVIII
2300 1435 2469 1497 scoti
2516 1434 2547 1496 Ι
2597 1456 2696 1518 gr.
2744 1434 2922 1497 XIV
2971 1437 3121 1499 den.

1173 1537 1476 1603 Sabbato
1525 1541 1580 1621 (2
1594 1561 1624 1602 2
1630 1541 1724 1622 s8)
1773 1542 1909 1604 dno
1957 1541 2143 1626 Regi
2190 1543 2277 1604 ad
2323 1543 2677 1624 prandium
2724 1543 2787 1605 in
2830 1554 3052 1608 castro
3098 1545 3329 1628 vigilia
3378 1546 3440 1608 b.
3488 1545 3982 1608 Bartholomei:
4040 1566 4159 1628 pro

959 1646 1250 1729 piscibus
1296 1647 1328 1709 I
1377 1667 1536 1710 mar.
1584 1648 1694 1711 IX
1739 1648 1906 1712 scoti
1953 1648 1984 1709 Ι
2031 1659 2241 1732 quart.
2289 1670 2413 1730 pro
2460 1651 2715 1713 cancris
2762 1649 2862 1712 IV
2910 1652 3075 1715 scoti
3124 1652 3225 1714 VI
3272 1655 3423 1716 den.
3471 1673 3595 1735 pro
3642 1653 4005 1735 lampredis
4055 1654 4156 1716 III

959 1754 1126 1817 scoti
1175 1754 1276 1816 IV
1323 1757 1470 1818 den.
1517 1777 1640 1838 pro
1685 1757 1831 1838 piso
1879 1767 1946 1818 et
1992 1757 2192 1820 mileo
2228 1756 2367 1819 VII
2414 1779 2513 1840 gr.
2561 1759 2629 1820 II
2668 1760 2817 1822 den.
2856 1780 2979 1842 pro
3017 1761 3441 1841 petrozelinO,
3481 1762 3684 1824 betha
3712 1771 3780 1823 et
3814 1759 4155 1832 marchew,

959 1883 1080 1943 pro
1128 1871 1321 1925 aceto
1369 1862 1434 1923 V
1483 1884 1580 1947 gr.
1628 1884 1750 1945 pro
1797 1864 2082 1928 nucibus
2129 1865 2160 1926 Ι
2207 1875 2421 1948 quart.
2467 1866 2658 1947 panis
2696 1866 2976 1950 siliginis
3023 1877 3090 1929 et
3136 1868 3345 1942 albm,
3396 1867 3677 1931 ceruisie
3724 1868 3826 1930 IV
3874 1869 4160 1932 octualia

959 1989 1242 2052 propria.

1175 2077 1328 2140 Dne
1375 2077 1652 2161 Regine
1697 2079 1764 2142 in
1835 2077 2132 2142 Wzlrlzcza
2178 2080 2264 2142 ad
2311 2081 2699 2161 prandium:
2759 2102 2881 2163 pro
2920 2083 3211 2164 piscibus
3255 2085 3636 2147 recentibus
3682 2085 3715 2148 I
3762 2105 3923 2147 mar.
3982 2084 4158 2147 XVI

959 2186 1140 2260 scoti,
1188 2207 1309 2268 pro
1357 2185 1388 2248 I
1435 2207 1671 2270 sexag.
1716 2186 2099 2271 strakfussy
2145 2187 2281 2250 VII
2331 2209 2431 2272 gr.
2478 2209 2600 2270 pro
2648 2189 2905 2253 cancris
2952 2191 3089 2252 VII
3136 2192 3320 2266 scoti,
3368 2213 3491 2274 pro
3540 2192 3684 2273 piso
3732 2203 3801 2254 et
3848 2193 4048 2255 mileo
4094 2193 4161 2254 ΙΙ

959 2293 1124 2356 scoti
1171 2294 1316 2357 XII
1363 2295 1513 2358 den.
1562 2315 1684 2376 pro
1731 2315 2070 2378 papauere
2119 2306 2186 2359 et
2233 2315 2399 2376 cepe
2448 2297 2479 2358 I
2528 2318 2629 2380 gr.
2680 2297 2755 2359 X
2802 2299 2952 2362 den.
3020 2319 3145 2380 pro
3210 2299 3369 2381 piris
3415 2299 3480 2360 V
3530 2321 3629 2383 gr.
3692 2320 3817 2380 pro
3882 2300 4161 2362 nucibus

960 2410 1028 2462 et
1073 2401 1394 2482 prunellis
1440 2401 1505 2462 V
1553 2424 1652 2486 gr.
1701 2422 1822 2485 pro
1869 2403 2073 2466 licore
2122 2405 2209 2466 ad
2256 2405 2613 2486 coquinam
2660 2405 2727 2465 V
2776 2427 2874 2489 gr.
2940 2427 3064 2488 pro
3129 2408 3283 2470 alba
3348 2407 3561 2470 farina
3617 2408 3649 2470 I
3698 2429 3796 2492 gr.
3862 2407 3964 2470 IV
4010 2409 4160 2471 den.

958 2529 1080 2589 pro
1127 2509 1282 2582 sale,
1350 2510 1507 2592 quia
1553 2511 1897 2593 proprium
1955 2511 2216 2586 defecit,
2274 2511 2306 2572 I
2354 2522 2515 2575 scot.
2562 2534 2686 2594 pro
2752 2514 3031 2576 olliculis
3096 2520 3182 2577 ad
3249 2514 3612 2578 bibendum
3681 2515 3713 2577 I
3760 2525 3974 2597 quart.
4038 2535 4160 2597 pro

957 2625 1151 2679 aceto
1198 2616 1265 2679 II
1311 2618 1494 2688 scoti.
1541 2639 1666 2700 pro
1715 2621 1873 2682 albo
1919 2639 2094 2701 pane
2140 2620 2209 2682 II
2255 2621 2439 2694 scoti,
2489 2642 2611 2702 pro
2660 2621 2726 2684 II
2776 2623 3153 2686 octualibus
3200 2622 3482 2686 ceruisie
3520 2623 3770 2686 XVIII
3806 2622 3991 2698 scoti,
4039 2644 4161 2704 pro

958 2725 1401 2806 exempcione
1492 2725 1788 2788 kathene
1855 2727 2200 2812 wlgariter
2262 2725 2577 2791 lanczuclz
2641 2730 2981 2811 proposite
3068 2731 3131 2792 in
3200 2729 3354 2793 feno
3432 2731 3621 2814 equis
3687 2732 3819 2794 dne
3884 2731 4161 2814 Regine

957 2830 1100 2912 Ipsae
1161 2853 1259 2916 gr·

1171 2941 1506 3024 Magistro
1552 2943 1836 3026 coquine
1884 2944 2017 3006 dne
2067 2944 2343 3027 Regine
2391 2965 2513 3027 pro
2562 2947 2821 3008 balneO.

1169 3047 1344 3112 Duci
1390 3047 1806 3133 Skirgalloni
1854 3051 1921 3113 in
1968 3052 2218 3133 paratis
2267 3052 2335 3114 ΙΙ
2384 3073 2546 3116 mar.

1169 3155 1325 3218 Dno
1373 3156 1719 3220 Demetrio
1767 3179 1892 3239 pro
1938 3158 2232 3240 piscibus
2281 3160 2384 3221 VI
2431 3161 2615 3222 scoti.

1171 3261 1452 3326 Summa
1499 3264 1628 3328 diei
1677 3265 1812 3327 VII
1863 3286 2021 3330 mar.
2069 3267 2254 3328 XIX
2305 3268 2473 3331 scoti
2520 3269 2552 3330 Ι
2602 3289 2701 3351 gr.
2750 3269 2896 3330 XII
2944 3271 3094 3331 den.

1171 3369 1454 3434 Summa
1499 3372 1870 3454 septimane
1916 3374 2139 3436 XXV
2187 3395 2349 3439 mar.
2398 3376 2579 3439 XIII
2626 3377 2793 3439 scoti
2842 3377 2874 3438 Ι
2922 3396 3022 3459 gr.
3068 3375 3207 3438 VII
3254 3378 3404 3439 den.

1171 3479 1527 3542 Dominica
1591 3481 1772 3542 Dum
1841 3482 2201 3544 clamarem
2261 3484 2463 3566 (23s8)
2530 3485 2668 3547 dno
2732 3484 2918 3568 Regi
2984 3484 3070 3545 ad
3135 3483 3526 3565 prandium:
3597 3505 3719 3566 pro
3784 3504 3921 3546 vno
3986 3486 4163 3547 boue

957 3586 1205 3650 XVIII
1254 3588 1437 3663 scoti,
1483 3609 1605 3670 pro
1653 3589 1754 3652 III
1801 3590 2114 3653 arietibus
2161 3591 2236 3652 X
2283 3592 2452 3654 scoti
2497 3591 2531 3652 I
2580 3612 2677 3676 gr.
2744 3612 2867 3674 pro
2911 3611 3121 3673 perna
3166 3591 3334 3653 lardi
3382 3591 3455 3652 X
3502 3591 3686 3668 scoti,
3753 3612 3877 3673 pro
3925 3592 3993 3654 II
4052 3613 4159 3655 su-

958 3696 1134 3779 gillis
1182 3695 1250 3758 ΙΙ
1295 3696 1478 3770 scoti,
1543 3718 1667 3780 pro
1716 3698 1781 3759 II
1829 3699 2011 3760 aucis
2059 3698 2160 3761 III
2213 3711 2423 3781 quart.
2481 3719 2605 3780 pro
2654 3699 2786 3761 XL
2830 3698 3045 3780 pullis,
3116 3699 3395 3780 quilibet
3451 3701 3674 3781 pullus
3720 3719 3841 3780 per
3889 3699 3961 3761 X
4011 3701 4158 3762 den.

957 3803 1100 3865 XII
1116 3805 1177 3884 ¹:²2
1236 3803 1419 3879 scoti,
1486 3825 1608 3886 pro
1657 3804 1769 3868 CL
1817 3806 1963 3868 ouis
2011 3806 2078 3867 II
2125 3807 2307 3880 scoti,
2375 3827 2499 3888 pro
2548 3806 2691 3868 XII
2740 3806 2952 3869 caseis
2998 3806 3101 3868 III
3149 3827 3247 3889 gr.
3314 3826 3435 3889 pro
3483 3807 3549 3869 II
3597 3807 3745 3869 ollis
3792 3805 3991 3870 butiri
4056 3807 4157 3868 III

956 3911 1138 3984 scoti,
1188 3932 1310 3993 pro
1356 3912 1530 3976 lacte
1575 3923 1643 3975 et
1689 3933 1916 3976 crema
1964 3914 2029 3975 II
2077 3914 2262 3988 scoti,
2314 3935 2435 3996 pro
2483 3915 2630 3996 piso
2680 3926 2749 3976 et
2796 3914 2994 3975 mileo
3042 3913 3107 3972 V
3148 3934 3245 3996 gr.
3294 3914 3396 3975 IV
3443 3916 3592 3976 den.
3640 3935 3763 3996 pro
3812 3925 4006 3977 aceto
4052 3914 4155 3976 ΠΙ

958 4029 1170 4100 quart.
1217 4039 1340 4101 pro
1389 4021 1794 4101 petrozelino
1842 4020 1943 4082 IV
1993 4024 2144 4085 den.
2191 4041 2315 4102 pro
2363 4022 2646 4084 nucibus
2695 4033 2761 4082 et
2808 4021 3277 4084 cucumeribus
3322 4021 3425 4083 ΙΙΙ
3472 4042 3571 4106 gr.
3636 4042 3758 4102 pro
3823 4022 3925 4084 III
3974 4032 4156 4085 octu-

959 4126 1176 4190 alibus
1225 4127 1503 4190 ceruisie
1550 4127 1736 4190 XXI
1784 4129 1967 4190 scoti.

1174 4236 1327 4298 Dne
1375 4236 1648 4319 Regine
1696 4239 1780 4300 ad
1829 4237 2218 4318 prandium:
2287 4257 2408 4318 pro
2456 4237 2522 4298 II
2570 4237 2885 4299 arietibus
2929 4236 3032 4299 VI
3080 4237 3265 4311 scoti,
3314 4257 3435 4318 pro
3484 4236 3586 4298 IV
3632 4237 3814 4299 aucis
3862 4237 3927 4299 II
3975 4237 4156 4310 scoti,

961 4365 1079 4424 pro
1118 4344 1249 4405 LX
1297 4345 1495 4426 pullis
1543 4345 1792 4407 XVIII
1837 4345 2005 4408 scoti
2053 4345 2084 4406 Ι
2132 4366 2232 4428 gr.
2281 4345 2381 4406 IV
2430 4348 2579 4406 den.
2646 4364 2770 4425 pro
2815 4343 2928 4406 CL
2972 4345 3119 4406 ouis
3168 4343 3269 4405 III
3318 4364 3416 4427 gr.
3466 4344 3608 4406 XII
3647 4345 3795 4406 den.
3834 4364 3957 4426 pro
3988 4343 4155 4406 VIII

959 4453 1169 4514 caseis
1215 4452 1246 4513 Ι
1294 4465 1455 4514 scot.
1523 4473 1642 4534 pro
1690 4452 1756 4514 II
1805 4452 1952 4515 ollis
1998 4452 2198 4515 butiri
2247 4452 2314 4512 V
2361 4474 2459 4536 gr.
2524 4473 2647 4533 pro
2696 4453 2866 4514 lacte
2929 4460 2996 4513 et
3042 4471 3267 4514 crema
3316 4452 3415 4514 III
3464 4472 3563 4534 gr.
3629 4451 3774 4513 XII
3822 4453 3971 4515 den.
4035 4473 4157 4533 pro

959 4559 1103 4640 piso
1152 4569 1219 4622 et
1266 4559 1464 4622 mileo
1512 4558 1614 4621 III
1661 4561 1843 4634 scoti,
1892 4581 2016 4640 pro
2063 4559 2470 4641 peti-ozelino
2518 4559 2619 4621 III
2667 4561 2816 4621 den.
2864 4579 2985 4640 pro
3032 4569 3225 4621 aceto
3271 4559 3372 4620 III
3420 4569 3634 4640 quart.
3692 4579 3813 4640 pro
3862 4559 4155 4632 nucibu5‚

959 4667 1116 4748 piris
1164 4676 1232 4728 et
1279 4667 1596 4748 prunellis
1643 4667 1744 4729 III
1794 4688 1893 4750 gr.
1940 4668 2131 4748 panis
2178 4667 2504 4748 propriuS,
2553 4688 2674 4747 pro
2724 4666 2824 4727 III
2866 4666 3239 4728 octualibus
3286 4667 3565 4729 ceruisie
3615 4667 3801 4728 XXI
3848 4667 4031 4730 scoti.

1173 4773 1348 4836 Duci
1393 4772 1787 4858 Skirgaloni
1833 4775 1896 4835 in
1948 4775 2199 4856 paratis
2247 4775 2314 4836 II
2363 4795 2523 4837 mar.

1173 4881 1330 4942 Dno
1377 4881 1726 4945 Demetrio
1773 4894 1840 4945 et
1888 4883 2032 4945 aliis
2080 4883 2427 4965 Lytwanis
2475 4903 2595 4963 pro
2642 4881 2745 4944 III
2792 4881 3109 4944 arietibus
3158 4882 3511 4944 excoriatis
3558 4881 3667 4943 IX
3714 4883 3901 4946 scoti.

1173 4989 1329 5051 Dno
1377 4990 1564 5073 Regi
1611 4990 1698 5052 ad
1744 5010 2018 5053 cenam:
2064 5010 2187 5070 pro
2235 4990 2266 5050 I
2316 4991 2493 5050 boue
2539 4988 2726 5050 XXI
2772 4988 2956 5061 scoti,
3004 5008 3127 5068 pro
3166 4988 3269 5051 III
3316 4988 3633 5051 arietibus
3664 4989 3765 5050 IX
3803 4989 3987 5064 scoti,
4034 5010 4156 5070 pro

959 5097 1059 5159 IV
1109 5097 1290 5158 aucis
1338 5096 1438 5158 IV
1487 5097 1670 5170 scoti,
1717 5118 1839 5178 pro
1887 5097 2020 5158 XL
2068 5097 2264 5178 pullis
2314 5096 2458 5157 XII
2476 5096 2536 5176 ¹¹²2
2596 5096 2780 5169 scoti,
2828 5117 2953 5178 pro
3002 5096 3053 5158 C
3102 5096 3246 5157 ouis
3295 5096 3359 5157 II
3376 5095 3437 5174 ¹1¹2
3488 5117 3587 5178 gr.
3633 5116 3755 5176 pro
3792 5096 3902 5158 XI
3945 5097 4158 5159 caseis

961 5204 990 5265 I
1039 5217 1197 5266 scot.
1244 5204 1390 5266 XII
1438 5206 1585 5267 den.
1633 5225 1754 5287 pro
1804 5205 1869 5266 II
1918 5205 2064 5267 ollis
2112 5204 2313 5266 butiri
2360 5204 2425 5265 V
2474 5225 2571 5286 gr.
2617 5225 2740 5285 pro
2787 5205 2961 5267 lacte
3009 5214 3075 5264 et
3122 5223 3347 5266 crema
3383 5203 3485 5265 III
3524 5223 3623 5286 gr.
3670 5224 3794 5284 pro
3832 5203 3933 5265 III
3972 5215 4158 5267 octu-

958 5312 1173 5374 alibus
1221 5312 1512 5386 ceruisie‚
1563 5313 1719 5394 quia
1763 5313 2033 5394 propria
2077 5333 2209 5373 non
2262 5311 2477 5393 potuit
2524 5310 2848 5386 sufficere,
2898 5311 3083 5373 XXI
3131 5311 3313 5372 scoti.

1173 5420 1326 5481 Dne
1375 5420 1650 5503 Regine
1697 5422 1780 5482 ad
1831 5441 2105 5483 cenam:
2151 5441 2272 5502 pro
2322 5439 2530 5482 vacca
2576 5419 2753 5481 XVI
2802 5420 2985 5491 scoti,
3038 5439 3159 5500 pro
3206 5419 3238 5480 Ι
3285 5428 3578 5480 castrato
3612 5418 3747 5480 VII
3789 5439 3889 5502 gr.
3926 5439 4051 5500 pro
4089 5419 4155 5481 II

959 5526 1217 5610 sugillis
1265 5527 1331 5588 II
1377 5528 1562 5602 scoti,
1627 5549 1751 5608 pro
1798 5528 1899 5590 IV
1947 5528 2130 5590 aucis
2175 5527 2278 5590 III
2326 5548 2427 5611 gr.
2494 5547 2614 5608 pro
2660 5527 2792 5588 LX
2839 5526 3038 5607 pullis
3085 5526 3333 5587 XVIII
3380 5525 3547 5587 scoti
3612 5525 3643 5587 I
3702 5546 3799 5609 gr.
3864 5525 3897 5587 I
3944 5537 4158 5608 quart.

958 5656 1080 5716 pro
1129 5635 1241 5698 CL
1288 5635 1432 5696 ouis
1481 5635 1545 5696 II
1592 5635 1760 5696 scoti
1806 5635 1908 5697 IV
1956 5637 2105 5697 den.
2170 5655 2291 5715 pro
2342 5634 2511 5695 VIII
2559 5634 2769 5697 caseis
2816 5634 2845 5694 1
2895 5647 3057 5695 scot.
3123 5653 3246 5714 pro
3312 5634 3483 5695 lacte
3552 5643 3619 5694 et
3675 5653 3902 5695 crema
3949 5633 4014 5694 V
4061 5655 4155 5716 gr.
