4592 6559
1057 535 1438 602 REJESTRA
1485 533 2002 595 PODRzEc‘rwA
2048 519 2708 582 KORCZYNsmEe-o,
2766 536 2947 595 1394·
3489 533 3607 592 237

417 760 540 823 pro
586 739 740 802 XX
785 738 986 820 pullis
1033 736 1321 819 antiquis
1370 736 1441 798 X
1491 757 1591 820 gr.
1640 755 1762 817 pro
1811 734 1989 796 VIIC
2049 733 2194 796 ouis
2241 753 2363 814 per
2409 732 2475 794 II
2524 752 2655 794 oua
2702 751 2823 812 pro
2872 731 3021 792 den.
3068 729 3219 810 ΧΨ»
3279 741 3441 792 scot.
3490 749 3611 811 pro

419 847 592 910 VIII
638 847 786 910 ollis
830 845 1029 909 butiri
1075 844 1215 908 VII
1279 844 1466 918 scoti,
1529 863 1652 925 pro
1717 842 1850 904 LX
1914 840 2099 904 vitris
2145 840 2321 903 VIII
2384 838 2571 912 scoti,
2634 859 2759 920 pro
2816 836 3029 900 XVII
3078 837 3290 900 caseis
3336 836 3403 899 ΙΙ
3450 836 3619 899 scoti

417 955 521 1017 VI
569 956 718 1018 den.

633 1061 752 1124 Ad
800 1081 1037 1124 cenam
1086 1061 1222 1122 dno
1281 1059 1468 1122 duci:
1516 1079 1639 1141 pro
1703 1057 1997 1141 piscibus
2044 1056 2110 1118 II
2157 1056 2343 1130 scoti,
2389 1075 2511 1138 pro
2558 1055 2732 1116 lacte
2779 1054 2812 1116 I
2859 1073 2957 1136 gr.
3023 1073 3147 1135 pro
3211 1051 3620 1133 petrozelino

420 1169 521 1231 VI
569 1170 720 1233 den.
767 1168 1005 1251 pisum,
1053 1167 1344 1240 mileum,
1392 1187 1540 1240 oua,
1607 1165 1786 1228 casei
1849 1167 2032 1246 prius
2099 1173 2343 1245 empta,
2390 1163 2673 1224 Ruteno
2738 1162 2917 1224 dicto
2982 1160 3203 1224 Kozel
3270 1159 3383 1221 dni
3431 1159 3620 1221 ducis

419 1297 544 1360 pro
590 1275 1080 1340 subseliacione
1127 1276 1510 1338 calceorum
1557 1274 1592 1336 Ι
1637 1283 1798 1336 scot.
1846 1273 2034 1355 equis
2081 1291 2296 1334 auene
2346 1271 2407 1332 V
2458 1270 2637 1334 chori
2684 1269 2869 1350 prius
2914 1268 3137 1351 empti.

635 1383 920 1446 Summa
966 1383 1097 1446 diei
1143 1382 1174 1444 I
1223 1403 1384 1445 mar.
1431 1381 1654 1444 XXII
1699 1380 1869 1444 scoti
1915 1380 2017 1442 III
2064 1382 2214 1443 den.

637 1491 832 1554 Feria
879 1490 982 1553 III
1031 1489 1231 1572 (2615)
1279 1491 1414 1552 dno
1463 1489 1616 1552 duci
1663 1499 1729 1550 et
1775 1489 1911 1550 dno
1957 1487 2370 1568 procuratori
2418 1486 2505 1548 ad
2551 1484 2941 1567 prandium:
2988 1505 3111 1566 pro
3156 1485 3449 1565 piscibus
3486 1483 3623 1547 VII

424 1620 522 1684 gr.
569 1619 692 1680 pro
738 1598 980 1661 boletis
1025 1597 1136 1678 I¹l2
1195 1619 1294 1682 gr.
1358 1616 1482 1679 pro
1545 1597 1719 1659 lacte
1784 1605 1852 1658 et
1917 1615 2142 1657 crema
2187 1594 2218 1657 Ι
2266 1603 2428 1656 scot.
2495 1613 2615 1674 pro
2678 1592 3087 1674 petrozelino
3155 1590 3257 1654 IV
3302 1593 3450 1654 den.
3498 1613 3623 1674 pro

425 1707 579 1768 albo
629 1725 804 1788 pane
853 1706 882 1766 I
932 1725 1032 1788 gr.
1079 1705 1279 1768 butiri
1325 1706 1358 1768 I
1406 1705 1556 1778 olla,
1602 1724 1734 1765 oua
1779 1703 1914 1767 XL
1980 1715 2050 1765 et
2094 1702 2365 1764 mileum
2430 1699 2613 1783 prius
2679 1710 2925 1782 empta,
2990 1700 3184 1782 panis
3228 1699 3509 1783 siliginis
3556 1700 3623 1762 II

423 1834 656 1897 sexag.
703 1813 886 1896 prius
932 1823 1340 1895 comparate,
1386 1811 1665 1875 ceruisie
1713 1811 1745 1873 I
1794 1813 2057 1874 octuale
2105 1809 2446 1891 proprium
2496 1818 2563 1871 et
2610 1810 2829 1870 medo,

639 1921 798 2002 Ipso
844 1921 951 1984 die
997 1921 1064 1983 in
1125 1919 1533 2004 Opatlzouecz
1589 1921 1673 1982 ad
1721 1929 2115 2000 apparatum
2184 1938 2306 1999 pro
2371 1917 2505 1978 dno
2572 1915 2776 1999 Rege
2844 1927 2913 1978 et
2976 1917 3116 1978 eius
3164 1916 3624 1979 conuencione

427 2029 729 2113 generali
777 2049 930 2092 cum
979 2031 1152 2091 duce
1197 2028 1476 2090 Vitoldo
1524 2037 1593 2089 et
1638 2025 2033 2110 Scirgalone
2082 2045 2345 2088 necnon
2394 2033 2461 2086 et
2498 2024 2641 2086 aliis
2679 2023 2979 2097 ducibus,
3028 2043 3229 2105 quarn
3280 2023 3614 2105 pluribus:

425 2157 548 2218 pro
595 2134 726 2199 XC
774 2136 971 2218 pullis
1019 2135 1310 2218 antiquis
1356 2135 1389 2197 I
1436 2155 1598 2197 mar.
1647 2134 1746 2196 IV
1795 2134 1960 2196 scoti
2007 2132 2108 2195 VI
2157 2135 2306 2195 den.
2373 2153 2495 2214 pro
2543 2131 2767 2194 XXX
2828 2131 3023 2212 pullis
3086 2130 3441 2194 iuuenibus
3490 2130 3625 2193 VII

425 2245 594 2308 scoti
640 2245 673 2307 I
719 2253 929 2326 quart.
976 2263 1099 2325 pro
1145 2243 1176 2305 I
1227 2243 1361 2305 olla
1405 2242 1605 2305 butiri
1654 2242 1686 2304 Ι
1733 2251 1894 2304 scot.
1943 2239 2042 2302 IV
2091 2242 2241 2303 den.
2287 2259 2413 2321 pro
2459 2240 2721 2301 duabus
2768 2239 2991 2302 vaccis
3037 2239 3145 2318 1¹:¹2
3206 2259 3368 2301 mar.

640 2352 760 2414 Ad
807 2371 1042 2414 cenam
1091 2350 1244 2413 duci
1291 2349 1597 2412 Andree:
1646 2368 1769 2431 pro
1816 2348 2106 2430 piscibus
2135 2349 2167 2410 I
2195 2359 2358 2410 scot.
2398 2347 2504 2410 alii
2542 2347 2807 2429 proprii,
2857 2367 2978 2428 pro
3014 2348 3149 2409 olla
3185 2347 3382 2410 butiri
3420 2347 3488 2410 II
3526 2367 3627 2431 gr.

426 2480 550 2544 pro
597 2461 769 2522 lacte
817 2469 900 2530 et,
931 2479 1155 2521 crema
1203 2459 1234 2520 Ι
1281 2467 1444 2521 scot.
1493 2478 1624 2519 oua
1670 2456 1805 2519 XL
1852 2467 1921 2519 et
1967 2455 2141 2518 casei
2190 2455 2289 2517 IV
2339 2455 2521 2536 prius
2569 2466 2813 2536 empta,
2860 2453 3051 2536 equis
3088 2474 3301 2517 auene
3324 2453 3407 2530 ⁸V
3445 2455 3627 2518 chori

427 2569 607 2650 prius
655 2567 880 2648 empti.

641 2674 926 2738 Summa
971 2674 1100 2737 diei
1147 2673 1250 2736 III
1297 2693 1460 2734 mar.
1509 2673 1616 2734 IX
1665 2672 1831 2733 scoti
1883 2671 2056 2733 XIV
2104 2671 2252 2733 den.

645 2782 841 2845 Feria
887 2781 984 2844 IV
1033 2782 1100 2843 in
1149 2781 1380 2864 vigilia
1445 2779 1886 2844 Ascensionis
1931 2778 2205 2841 Domini
2270 2778 2472 2860 (2715)
2537 2778 2675 2839 dno
2741 2779 2893 2840 duci
2940 2779 3021 2842 ad
3074 2778 3457 2860 prandium:
3505 2798 3629 2859 pro

429 2891 722 2972 piscibus
769 2890 871 2952 VI
919 2890 1103 2962 scoti,
1151 2910 1272 2971 pro
1319 2889 1773 2971 lampredibus
1821 2887 1852 2949 I
1901 2907 1998 2970 gr.
2049 2887 2120 2948 X
2168 2888 2318 2948 den.
2384 2906 2508 2968 pro
2573 2886 2815 2948 boletis
2883 2885 2914 2947 I
2962 2897 3123 2948 scot.
3190 2907 3311 2968 pro
3358 2888 3516 2949 beta
3564 2897 3631 2950 et

429 2999 837 3080 petrozelino
885 2997 916 3059 Ι
965 3019 1064 3082 gr.
1112 2997 1213 3059 IV
1262 2998 1410 3059 den.
1458 3016 1581 3078 pro
1629 3004 1819 3058 aceto
1868 2996 1899 3057 Ι
1949 3004 2158 3076 quart.
2224 3015 2346 3075 pro
2412 2995 2567 3056 albo
2631 3015 2805 3075 pane
2868 2994 3012 3056 XII
3080 2996 3228 3056 den.
3293 2995 3427 3056 dno
3475 2995 3628 3056 duci

430 3125 552 3188 pro
600 3105 971 3168 calcaribus
1017 3104 1083 3165 V
1133 3125 1230 3188 gr.
1279 3104 1468 3186 equis
1513 3124 1729 3166 auene
1775 3102 1842 3163 V
1883 3102 2060 3166 chori
2107 3101 2292 3184 prius
2340 3102 2561 3182 empti.

641 3214 800 3294 Ipso
846 3213 953 3275 die
999 3213 1066 3274 in
1119 3211 1371 3274 Buszko
1417 3221 1778 3293 apparatus
1826 3220 2207 3291 coemptus:
2258 3229 2381 3290 pro
2428 3207 2552 3272 CII
2598 3210 2815 3292 pullis,
2862 3209 3140 3292 quilibet
3176 3230 3296 3291 per
3334 3209 3443 3271 IX
3480 3211 3632 3272 den.

430 3335 757 3403 receptus,
804 3318 964 3383 facit
1009 3320 1042 3381 Ι
1090 3340 1250 3382 mar.
1298 3319 1405 3380 IX
1455 3340 1554 3402 gr.
1592 3318 1625 3380 I
1665 3328 1880 3401 quart.
1918 3338 2038 3399 pro
2077 3317 2108 3379 I
2146 3336 2357 3380 vacca
2395 3316 2607 3380 XVII
2645 3318 2826 3390 scoti,
2866 3338 2988 3398 pro
3051 3318 3190 3380 vini
3226 3318 3421 3381 alueo
3459 3318 3490 3380 I
3532 3339 3629 3402 gr.

643 3425 930 3491 Summa
977 3427 1105 3490 diei
1152 3428 1219 3489 II
1269 3446 1429 3489 mar.
1478 3427 1587 3489 IX
1633 3427 1800 3490 scoti
1849 3446 1947 3510 gr.
1997 3425 2069 3486 X
2118 3427 2266 3488 den.

647 3535 842 3598 Feria
889 3535 956 3597 V
1002 3535 1108 3598 die
1157 3535 1593 3596 Ascensionis
1631 3534 1902 3597 Domini
1951 3535 2151 3616 (2815)
2200 3535 2336 3596 dno
2384 3534 2536 3595 duci
2584 3544 2650 3595 et
2688 3534 2823 3594 dno
2860 3533 3275 3614 procuratori
3313 3534 3400 3595 ad
3438 3552 3631 3614 pran-

435 3642 651 3705 dium:
699 3663 822 3724 pro
868 3643 1078 3705 vitulo
1144 3643 1502 3705 discoriato
1549 3642 1616 3703 V
1663 3642 1845 3715 scoti,
1893 3642 2058 3704 lardi
2107 3642 2140 3702 I
2189 3662 2397 3723 perna
2444 3641 2627 3722 prius
2675 3650 2917 3722 empta,
2963 3661 3085 3721 pro
3134 3639 3235 3703 III
3284 3641 3482 3722 pullis
3529 3640 3630 3702 III

434 3762 644 3832 quart.
693 3750 800 3812 alii
847 3749 1027 3831 prius
1076 3751 1296 3832 empti,
1346 3771 1468 3830 pro
1515 3749 1754 3812 boletis
1801 3750 1834 3810 I
1882 3770 1978 3833 gr.
2029 3751 2097 3810 X
2151 3751 2303 3812 den.
2350 3769 2472 3831 pro
2518 3750 2692 3810 lacte
2730 3759 2799 3810 et
2837 3769 3062 3811 crema
3100 3749 3129 3811 I
3168 3760 3332 3811 scot.
3370 3749 3443 3809 X
3484 3749 3632 3811 den.

434 3859 649 3939 pisces
695 3857 848 3920 duci
896 3859 982 3919 ad
1039 3859 1386 3919 scutellam
1452 3857 1702 3939 proprii
1767 3856 2054 3930 fuerunt,
2119 3877 2240 3939 pro
2308 3856 2440 3918 XL
2488 3857 2633 3917 ouis
2682 3856 2713 3916 Ι
2762 3877 2859 3938 gr.
2905 3876 3029 3937 pro
3078 3856 3484 3937 petrozelino
3530 3855 3632 3917 IV

434 3967 582 4028 den.
629 3985 752 4047 pro
799 3963 1155 4028 fundiculis
1203 3964 1234 4026 Ι
1283 3975 1494 4046 quart.
1563 3986 1685 4045 pro
1750 3966 1904 4028 albo
1970 3985 2144 4047 pane
2191 3965 2222 4025 I
2269 3985 2369 4047 gr.
2436 3964 2627 4045 panis
2691 3964 2969 4048 siliginis
3016 3963 3117 4026 III
3165 3984 3402 4048 sexag.
3449 3964 3633 4046 prius

435 4083 838 4155 comparate,
889 4072 1164 4135 ceruisie
1212 4073 1243 4133 I
1291 4073 1554 4134 octuale
1602 4073 1961 4154 proprium.

649 4181 806 4263 Ipso
853 4181 962 4243 die
1009 4180 1074 4240 in
1124 4179 1478 4242 Paczanow
1525 4191 1871 4262 coempta:
1938 4201 2060 4260 pro
2108 4179 2298 4242 CXL
2344 4180 2561 4260 pulliS,
2609 4180 2977 4262 quemlibet
3026 4200 3144 4261 per
3189 4179 3292 4241 IV
3340 4181 3487 4242 den.
3534 4200 3635 4242 re-

437 4289 762 4370 cipiendO,
806 4286 962 4350 facit
1011 4288 1040 4350 I
1091 4307 1248 4350 mar.
1297 4287 1441 4349 XV
1489 4297 1648 4350 scot.
1697 4287 1841 4349 XII
1890 4289 2039 4349 den.
2085 4307 2209 4368 pro
2264 4283 2564 4348 XXXII
2613 4287 2823 4348 caseis
2870 4286 3006 4350 VII
3053 4309 3153 4371 gr.
3202 4308 3326 4368 pro
3372 4285 3439 4346 V
3488 4287 3635 4350 ollis

437 4395 634 4458 butiri
680 4395 782 4457 III
829 4395 999 4457 scoti
1045 4395 1076 4457 I
1125 4404 1337 4477 quart.

651 4503 769 4564 Ad
816 4522 1050 4566 cenam
1091 4502 1243 4565 duci
1282 4523 1434 4565 cum
1476 4504 1610 4565 dno
1649 4513 2079 4583 procuratore
2125 4503 2343 4585 pisces
2390 4501 2671 4584 proprii3
2719 4501 2899 4583 pulli,
2938 4522 3086 4576 oua,
3124 4502 3417 4564 butirum
3455 4503 3637 4584 prius

439 4619 684 4692 empta,
728 4630 850 4692 pro
899 4611 1072 4672 lacte
1120 4619 1187 4672 et
1234 4630 1457 4672 crema
1504 4610 1535 4671 I
1583 4620 1744 4672 scot.
1792 4610 1895 4671 VI
1943 4612 2090 4672 den.
2147 4631 2270 4692 pro
2309 4610 2549 4671 boletis
2587 4620 2655 4671 et
2683 4610 3089 4690 petrozelino
3118 4609 3149 4670 1
3179 4621 3343 4673 scot.
3382 4629 3503 4691 pro
3534 4609 3635 4672 III

413 4718 652 4780 -caseis
678 4716 823 4779 XII
851 4718 1001 4780 den.
1047 4717 1238 4799 panis
1286 4730 1353 4779 et
1399 4718 1678 4780 ceruisia
1725 4717 1994 4780 fuerunt
2042 4717 2326 4799 propria,
2375 4716 2562 4799 equis
2610 4737 2825 4779 auene
2853 4717 2922 4778 V
2951 4717 3137 4780 chori
3182 4717 3364 4799 prius
3412 4719 3637 4800 empti.

652 4823 936 4888 Summa
981 4825 1112 4888 diei
1159 4825 1226 4887 II
1273 4846 1434 4888 mar.
1482 4825 1588 4887 IX
1637 4825 1804 4888 scoti
1853 4825 1884 4886 I
1932 4846 2030 4908 gr.
2078 4824 2256 4886 XIV
2304 4827 2453 4887 den.

653 4931 710 4994 F
713 4932 850 4994 eria
894 4931 996 4994 VI
1045 4932 1246 5015 (2915)
1295 4934 1448 4994 duci
1496 4942 1563 4994 et
1610 4934 1745 4995 dno
1793 4933 2241 5014 procuratori:
2288 4932 2507 5014 pisces
2562 4933 2825 5014 proprii,
2871 4953 2994 5014 pro
3042 4935 3184 4996 aliis
3230 4933 3523 5015 piscibus
3571 4933 3638 4994 V

441 5059 538 5122 gr.
583 5059 708 5120 pro
758 5040 1013 5102 cancris
1059 5039 1090 5102 I
1139 5059 1238 5123 gr.
1286 5061 1406 5122 pro
1453 5041 1695 5103 boletis
1740 5040 1773 5101 I
1821 5051 1981 5103 scot.
2029 5061 2151 5121 pro
2199 5041 2357 5102 beta
2403 5040 2546 5102 XII
2594 5041 2743 5103 den.
2790 5060 2913 5122 pro
2961 5038 3081 5102 luk
3117 5052 3183 5102 et
3229 5041 3638 5122 petrozelino

439 5145 542 5208 VI
588 5147 738 5210 den.
786 5167 908 5228 pro
956 5148 1112 5209 albo
1160 5168 1333 5228 pane
1382 5148 1413 5210 I
1461 5169 1560 5232 gr.
1628 5147 1818 5229 panis
1865 5147 2144 5230 siliginis
2189 5146 2292 5209 ΙΙΙ
2340 5167 2577 5230 sexag.
2645 5148 3014 5229 comparati
3061 5158 3233 5222 ante,
3284 5149 3558 5211 ceruisie
3606 5149 3637 5210 Ι

439 5254 705 5316 octuale
749 5255 1118 5336 proprium,
1167 5257 1364 5318 medo
1411 5257 1736 5336 propriuS,
1800 5275 1923 5337 pro
1986 5254 2319 5319 allucione
2394 5255 2816 5317 camisiarum
2887 5256 3075 5318 ducis
3139 5257 3241 5319 III
3291 5267 3504 5338 quart.
3554 5295 3635 5302 ——

441 5359 726 5424 Summa
771 5360 880 5424 XI
929 5383 1026 5446 gr.
1075 5363 1147 5424 X
1197 5364 1422 5425 denar.

654 5466 958 5532 Sabbato
1006 5469 1205 5552 (3os5)
1253 5472 1389 5533 dno
1437 5470 1590 5532 duci
1637 5481 1702 5532 et
1749 5472 1884 5532 dno
1933 5471 2343 5552 procuratori
2390 5491 2544 5534 cum
2592 5471 2874 5534 familia:
2923 5492 3045 5552 pro
3082 5471 3375 5553 piscibus
3412 5493 3638 5535 recen-

441 5575 620 5639 tibus
663 5576 803 5638 VII
853 5597 949 5660 gr.
997 5597 1120 5658 pro
1167 5577 1409 5640 boletis
1455 5577 1485 5638 Ι
1534 5588 1694 5640 scot.
1742 5598 1862 5658 pro
1911 5581 2082 5641 lacte
2131 5588 2201 5640 et
2247 5599 2475 5642 crema
2520 5580 2550 5640 1
2600 5589 2761 5643 scot.
2809 5600 2931 5662 pro
2980 5579 3183 5642 LXV
3220 5581 3366 5644 ouis
3406 5581 3436 5642 I
3474 5591 3638 5643 scot.
