4592 6559
984 448 1100 529 198
1783 466 2159 530 REJESTRA
2211 468 2796 517 PonsxARBn-:Go
2844 470 3177 519 H1chx1.
3236 478 3415 536 1394·

975 664 1132 726 item
1180 684 1304 748 pro
1348 666 1702 729 ablucione
1749 667 2164 741 mensalium,
2210 668 2734 731 manuteriorum
2790 680 2859 731 et
2904 669 3409 733 lintheaminum
3476 679 3621 733 toto
3666 682 3989 753 tempore,
4034 692 4173 755 quo

973 771 1148 835 dnus
1195 773 1358 835 Rex
1407 776 1796 837 morabatur
1842 772 2162 837 Cracouie
2208 774 2335 837 ista
2380 776 2507 849 via,
2567 776 2629 857 ¹:²2
2688 796 2889 840 marc.

973 879 1132 942 item
1179 900 1304 961 pro
1350 882 1666 962 expensis
1713 882 1827 944 dni
1892 882 2439 945 vicethezaurarii
2504 885 2590 946 ad
2654 884 3129 965 precedentem
3194 886 3636 967 septimanam
3684 887 3969 950 iacendo
4014 886 4172 951 Cra-

975 988 1166 1050 couie
1213 988 1279 1050 II
1329 1008 1530 1053 mare.
1577 990 1757 1069 1111112
1817 1010 1916 1074 gr.

973 1094 1132 1157 item
1180 1094 1346 1158 feria
1391 1096 1493 1159 III
1559 1096 1869 1179 proxima
1933 1097 1997 1159 in
2066 1098 2354 1161 crastino
2419 1119 2503 1161 ss,
2570 1099 2751 1161 Petri
2798 1110 2866 1163 et
2911 1101 3101 1163 Pauli
3168 1112 3379 1183 apost.
3446 1101 3647 1183 (goso)
3714 1103 3850 1164 dno
3896 1100 4174 1165 Sandzi-

977 1202 1200 1285 wogio
1247 1204 1596 1285 capitaneo
1661 1204 1939 1267 Polonie
2002 1225 2126 1288 pro
2173 1202 2603 1269 edificacione
2667 1208 2868 1270 castri
2931 1207 2997 1269 in
3058 1206 3289 1271 Kalarz
3352 1210 3439 1271 ad
3485 1209 3741 1271 literam
3788 1209 3903 1271 dni
3949 1208 4172 1291 Regis

975 1309 1027 1373 C
1077 1330 1276 1373 marc,

977 1416 1135 1479 item
1183 1438 1305 1499 pro
1355 1416 1684 1503 bzgwantzss
1730 1420 1948 1483 missis
1996 1421 2132 1483 dno
2180 1421 2487 1483 Witoldo
2532 1422 2619 1483 ad
2667 1422 3067 1485 relacionem
3116 1422 3229 1484 dni
3278 1423 3499 1505 Regis
3544 1422 3691 1502 111'2
3750 1444 3949 1486 marc,

974 1524 1131 1587 item
1181 1546 1302 1607 pro
1347 1525 1637 1589 slomone
1683 1527 1944 1590 cuidam
1994 1529 2323 1591 Rutheno
2370 1529 2612 1591 claudo
2659 1549 2811 1590 cum
2870 1528 3045 1591 ruffa
3107 1531 3320 1592 barba
3384 1532 3468 1593 de
3526 1529 3755 1593 Chelm
3803 1531 3911 1610 1¹2
3972 1550 4171 1593 mare.

973 1632 1132 1694 item
1181 1632 1494 1696 Dobconi
1541 1634 2018 1717 Oleszniczsky
2067 1638 2154 1697 ad
2200 1636 2458 1698 literam
2509 1636 2625 1697 dni
2669 1636 2891 1719 Regis
2938 1637 3115 1701 XVI
3164 1658 3362 1701 mare.

973 1740 1133 1803 item
1180 1761 1302 1823 pro
1351 1742 1406 1803 L
1455 1742 1626 1805 vlnis
1689 1744 1820 1805 tele
1885 1744 1970 1806 ad
2036 1744 2363 1806 mensalia
2424 1746 2743 1826 paranda,
2810 1744 3191 1827 recipiendo
3256 1747 3483 1807 vlnam
3548 1766 3671 1827 per
3726 1745 3795 1807 II
3841 1766 3941 1829 gr.
3988 1758 4057 1807 et
4100 1745 4169 1807 II

973 1848 1122 1911 den.
1170 1868 1435 1911 summa
1479 1849 1636 1912 facit
1681 1850 1747 1911 II
1795 1871 1994 1914 marc.
2043 1852 2116 1913 X
2163 1872 2262 1936 gr.
2311 1852 2415 1914 IV
2460 1853 2609 1915 den.

1187 1955 1469 2019 Summa
1516 1957 1730 2021 CLIV
1781 1979 1980 2021 marc,
2027 1959 2137 2021 XI
2184 1980 2274 2022 sc.

1185 2063 1355 2127 Item
1403 2086 1526 2146 pro
1572 2065 1631 2128 L
1675 2067 1849 2129 vlnis
1897 2068 2029 2130 tele
2076 2068 2164 2129 ad
2211 2067 2535 2129 mensalia
2582 2068 2802 2130 minus
2848 2068 3027 2130 bone
3074 2070 3161 2131 ad
3200 2068 3521 2129 mensalia
3566 2068 3964 2142 communia,
4008 2069 4171 2131 reci-

970 2171 1217 2252 piendo
1267 2174 1493 2235 vlnam
1539 2194 1660 2255 per
1706 2175 1738 2236 I
1787 2194 1884 2259 gr.
1933 2183 2000 2237 et
2045 2174 2113 2238 Π
2159 2176 2309 2237 den.
2356 2194 2623 2237 summa
2668 2174 2825 2237 facit
2870 2175 2905 2237 I
2952 2195 3150 2239 marc,
3201 2175 3369 2237 VIII
3418 2196 3518 2259 gr.
3566 2175 3667 2239 IV
3716 2178 3865 2239 den.

971 2279 1129 2341 item
1176 2299 1300 2360 pro
1347 2280 1404 2342 L
1450 2282 1803 2365 vlnistele
1850 2302 2086 2365 grosse
2133 2284 2220 2343 ad
2265 2302 2498 2345 saccos
2546 2291 2613 2343 et
2657 2284 3074 2364 creptuchos,
3121 2284 3503 2364 recipiendo
3548 2284 3777 2346 vlnam
3824 2303 3943 2363 per
3987 2282 4167 2345 XIV

972 2387 1121 2449 den.
1169 2407 1435 2449 summa
1479 2388 1636 2451 facit
1680 2389 1782 2452 III
1828 2388 1973 2453 fert.
2021 2390 2130 2469 I¹J¹2
2189 2410 2287 2473 gr.

970 2493 1128 2556 item
1179 2515 1302 2575 pro
1349 2495 1417 2557 II
1465 2496 1796 2577 lapidibus
1841 2497 2216 2580 smigmatis
2261 2498 2447 2559 missi
2494 2499 2629 2559 dno
2681 2497 2865 2581 Regi
2912 2498 2977 2558 in
3028 2495 3482 2581 Nepolomz'cze
3528 2496 3707 2560 XIV
3754 2518 3843 2560 se.

969 2601 1130 2663 item
1177 2623 1300 2683 pro
1347 2604 1604 2685 perulla
1649 2604 1949 2686 predicto
1997 2604 2338 2687 smigmati
2386 2605 2418 2666 I
2466 2624 2564 2688 gr.

971 2708 1129 2770 item
1181 2710 1443 2772 cuidam
1494 2710 1872 2793 Wyszkoni
1919 2712 2256 2795 terrigene
2302 2712 2709 2774 Dobrinensi
2756 2714 2843 2773 ad
2892 2732 3129 2774 vocem
3178 2711 3292 2773 dni
3343 2712 3561 2795 Regis
3606 2713 3673 2775 in
3712 2711 4171 2796 Nepolomz'cze

970 2815 1217 2880 factam
1263 2818 1296 2880 I
1343 2838 1542 2882 marc.

971 2926 1131 2987 item
1179 2945 1303 3007 pro
1351 2925 1528 2989 XIV
1577 2927 1748 2988 vlnis
1794 2927 1998 3008 panni
2045 2927 2246 3010 grisei
2292 2929 2429 2990 dno
2476 2927 2665 3011 Regi
2710 2948 2834 3009 pro
2898 2927 3076 3009 palio
3142 2936 3211 2989 et
3275 2927 3502 2991 tunica
3548 2926 4019 3009 equitatilibus,
4067 2948 4170 2989 re-

976 3032 1282 3115 cipiendo
1330 3035 1558 3099 vlnam
1605 3054 1726 3115 per
1772 3033 2118 3109 fertonem,
2165 3056 2429 3097 summa
2474 3034 2633 3097 facit
2679 3034 2859 3115 11112‘,
2919 3055 3119 3097 marc.

969 3141 1128 3203 item
1177 3161 1298 3223 pro
1344 3141 1479 3203 VII
1544 3141 1720 3203 vlnis
1783 3142 1987 3222 panni
2051 3142 2186 3205 albi
2251 3144 2339 3205 ad
2402 3143 2917 3205 subducendum
2981 3142 3257 3224 pallium
3322 3143 3461 3203 dno
3526 3142 3727 3225 Regi,
3784 3142 4170 3223 recipiendo

971 3248 1197 3337 ulnam
1246 3268 1368 3330 per
1412 3248 1518 3310 IX
1568 3269 1666 3331 gr.
1714 3270 1978 3312 summa
2021 3250 2180 3313 facit
2225 3249 2258 3312 I
2307 3270 2506 3313 mare.
2556 3250 2629 3311 X
2674 3270 2764 3313 sc.
2811 3250 2846 3311 I
2892 3270 2992 3333 gr.

968 3355 1126 3418 item
1175 3375 1298 3438 pro
1344 3356 1410 3418 II
1427 3356 1488 3435 ¹1¹2
1547 3356 1722 3419 vlnis
1769 3358 1974 3439 panni
2021 3358 2437 3421 Bruszlensis
2483 3359 2619 3419 dno
2667 3357 2853 3440 Regi
2890 3377 3013 3439 pro
3052 3358 3305 3441 caligis
3351 3357 3734 3438 recipiendo
3784 3358 4008 3419 vlnam
4046 3377 4169 3439 per

980 3463 1042 3543 ¹l2
1101 3484 1338 3548 sexag.
1385 3484 1648 3527 summa
1693 3465 1726 3527 I
1773 3485 1973 3528 marc,
2013 3465 2191 3528 XIII
2239 3486 2328 3528 sc,
2375 3465 2408 3527 I
2457 3486 2557 3549 gr.

967 3571 1126 3633 item
1172 3592 1295 3654 pro
1343 3572 1374 3634 I
1420 3573 1642 3654 lapide
1691 3572 1914 3635 czucrz’
1946 3575 2033 3635 ad
2081 3574 2417 3655 parandos
2464 3572 2811 3635 confectus
2856 3573 2993 3635 dno
3042 3572 3227 3655 Regi
3277 3572 3427 3653 X¹J2
3490 3593 3692 3635 marc,

966 3682 1126 3742 item
1178 3680 1626 3763 Zyndramoni
1672 3701 1872 3762 super
1917 3683 2086 3743 duas
2130 3682 2375 3755 hastam,
2422 3702 2593 3763 quas
2639 3682 2924 3743 educere
2962 3681 3163 3742 debet
3199 3681 3285 3742 ad
3324 3680 3853 3761 expedicionem,
3892 3680 4165 3761 quando

972 3789 1110 3850 dno
1159 3789 1342 3872 Regi
1391 3789 1732 3871 placuerit,
1779 3790 1854 3850 X
1902 3808 2103 3851 mare.

1184 3894 1468 3959 Summa
1512 3896 1741 3958 XXX
1788 3916 1988 3959 marc.
2037 3896 2216 3958 XIII
2265 3917 2354 3959 sc.
2403 3896 2504 3957 IV
2552 3898 2699 3959 den.

1181 4004 1352 4066 Item
1399 4004 1827 4087 Wyernkoni
1877 4006 1962 4067 de
2010 4002 2341 4067 Plawnow
2386 4025 2507 4085 pro
2554 4025 2729 4085 equo
2776 4004 2863 4065 ad
2909 4023 3147 4066 vocem
3196 4002 3309 4066 dni
3348 4003 3568 4086 Regis
3605 4003 3671 4064 in
3710 4000 4166 4085 Nepolomt'czc

966 4111 1212 4174 factam
1261 4110 1432 4173 VIII
1479 4132 1680 4173 mare.

968 4220 1127 4282 item
1174 4219 1484 4281 Dobconi
1531 4220 1615 4281 de
1671 4217 2067 4282 Czestouz’cze
2112 4219 2397 4281 curiensi
2462 4218 2575 4280 dni
2626 4218 2847 4301 Regis
2912 4219 2997 4280 ad
3062 4237 3300 4280 vocem
3369 4218 3573 4298 ipsius
3619 4217 3729 4279 dni
3779 4217 3999 4300 Regis
4046 4216 4165 4279 ibi-

968 4329 1125 4389 dem
1171 4327 1237 4389 in
1287 4324 1740 4409 Nepolomz'cze
1785 4326 2034 4389 factam
2081 4327 2147 4389 II
2198 4347 2398 4389 marc.

965 4436 1122 4497 item
1175 4434 1458 4496 nunccio
1506 4434 1710 4496 misso
1759 4454 1914 4509 curn
1961 4434 2168 4497 literis
2215 4434 2331 4496 dni
2378 4432 2599 4516 Regis
2664 4434 2749 4495 ad
2799 4434 3115 4496 abbatem
3180 4432 3247 4495 in
3312 4430 3613 4505 Lzlrszeae,
3678 4452 3802 4513 pro
3848 4431 4167 4513 expensis

967 4541 1138 4603 VIII
1187 4562 1285 4625 gr.

964 4649 1124 4712 item
1170 4649 1332 4711 feria
1378 4648 1480 4710 IV
1527 4649 1835 4730 proxima
1878 4650 1945 4710 in
1994 4649 2226 4733 vigilia
2271 4648 2701 4711 Visitacionis
2744 4650 2807 4711 b.
2846 4646 3059 4710 Marie
3097 4648 3149 4729 (1
3160 4648 3253 4733 sy)
3300 4650 3437 4710 dno
3477 4646 3768 4727 Johanni
3813 4646 4163 4728 capitaneo

967 4757 1368 4821 Welunensi
1415 4757 1501 4820 ad
1547 4777 1786 4819 vocem
1835 4758 1950 4819 dni
1997 4756 2216 4839 Regis
2265 4756 2417 4818 XX
2466 4777 2669 4819 mare.

963 4865 1121 4928 item
1168 4865 1555 4927 Przeczslao
1603 4864 1954 4947 Bachorzy
1999 4884 2200 4945 super
2247 4863 2313 4926 II
2361 4865 2607 4938 hastaS‚
2658 4863 2901 4945 quibus
2958 4864 3207 4925 seruire
3247 4864 3450 4925 debet
3496 4864 3632 4924 dno
3679 4861 3863 4945 Regi
3910 4862 3998 4924 ad
4046 4882 4163 4925 ex-

963 4972 1377 5055 pedicionem
1427 4973 1500 5034 X
1549 4992 1746 5034 mare.

967 5082 1127 5144 item
1176 5079 1586 5142 Wenceslao
1633 5078 1943 5142 cutelifici
1990 5079 2104 5141 dni
2151 5078 2374 5163 Regis
2440 5080 2526 5141 ad
2573 5079 2979 5141 relacionem
3028 5078 3143 5141 dni
3208 5076 3735 5140 vicecancellarii
3802 5074 4166 5139 Clementis

966 5189 1032 5251 II
1081 5208 1282 5251 marc.

967 5298 1126 5359 item
1173 5296 1472 5378 predicto
1519 5296 1908 5357 Przeczslao
1959 5295 2307 5376 Bachorzy
2354 5314 2475 5375 pro
2525 5293 2837 5375 expensis
2886 5294 2971 5355 ad
3017 5313 3254 5355 vocem
3305 5292 3419 5354 dni
3466 5291 3687 5375 Regis
3733 5292 3765 5353 I
3812 5311 4011 5355 mare.

965 5405 1125 5467 item
1172 5423 1296 5486 pro
1344 5404 1409 5465 II
1459 5402 1640 5465 libris
1687 5401 2198 5475 cariofollorum‚
2246 5401 2628 5483 recipiendo
2696 5422 2815 5483 per
2862 5401 2964 5463 III
3010 5399 3157 5463 fert.
3204 5420 3327 5481 pro
3374 5401 3440 5462 II
3489 5400 3672 5462 libris
3718 5398 4016 5472 muscati,
4061 5418 4163 5460 re-

963 5511 1269 5593 cipiendo
1315 5532 1435 5593 per
1481 5510 1626 5574 XV
1674 5530 1772 5593 gr.
1821 5518 1889 5572 et
1933 5530 2054 5591 pro
2102 5509 2323 5591 lapide
2369 5508 2504 5571 risii
2541 5510 2645 5571 III
2680 5509 2824 5573 fert.
2862 5529 3128 5571 summa
3175 5508 3473 5569 omnium
3520 5508 3990 5589 predictorum,
4029 5526 4161 5588 que

967 5621 1166 5683 missa
1212 5628 1370 5681 sunt
1415 5618 1551 5681 dno
1600 5618 1784 5701 Regi
1831 5616 1896 5678 in
1955 5614 2202 5691 Chelm,
2249 5616 2318 5678 11
2365 5636 2565 5680 marc.
2613 5617 2798 5679 XXI
2846 5637 2933 5679 se.
