4592 6559
1032 493 1157 568 528
1255 501 1634 567 REJESTRA
1681 489 2105 564 WATRoBm
2157 503 2815 564 leLKORzADZCY
2860 505 3522 556 KRAKOWSKIEGO.
3578 497 3763 570 1418,
3820 514 4005 572 1419-

1029 703 1221 773 latos,
1269 702 1649 778 canonioeS,
1694 705 2025 777 doctores
2073 704 2433 788 magistros
2478 707 2565 768 de
2612 703 2935 788 Collegio‚
3004 715 3160 768 tunc
3210 709 3449 768 eadem
3496 715 3639 768 tota
3686 706 4061 788 septimana
4106 725 4227 786 pro

1028 809 1301 872 simellis
1346 831 1482 873 vna
1527 831 1688 874 mar.
1737 831 1863 872 sex
1909 831 1996 873 sc.
2045 811 2206 873 item
2254 832 2375 893 pro
2422 798 2705 875 olliculis
2752 813 2999 895 pulcris
3045 822 3112 875 et
3158 813 3570 895 simplicibus
3616 825 3909 896 quatuor
3952 825 4119 876 scot.

1241 917 1414 981 Item
1460 918 1588 982 ista
1633 929 1776 981 tota
1822 919 2199 1000 septimana
2246 920 2603 982 duodecim
2645 940 2807 982 vasa
2854 920 3150 992 ceruisie‚
3199 933 3489 1003 quatuor
3534 931 3765 1002 empta
3809 941 3934 1002 pro
3979 920 4228 1001 paratis

1027 1026 1343 1109 pecuniis
1393 1025 1724 1107 quotlibet
1789 1046 1908 1108 per
1953 1025 2139 1088 XIX
2187 1036 2349 1090 scot.
2417 1037 2487 1089 et
2532 1036 2686 1089 octo
2734 1029 2819 1090 de
2866 1028 3302 1101 molendinis;
3368 1029 3433 1089 in
3481 1039 3626 1090 toto
3673 1027 3834 1091 facit
3879 1038 4017 1090 tres
4066 1046 4225 1087 mar.

1027 1142 1316 1214 quatuor
1360 1153 1450 1196 se.

1243 1238 1528 1302 Summa
1573 1240 1768 1303 huius
1815 1241 1904 1304 ab
1949 1241 2079 1304 alia
2124 1240 2283 1304 facit
2333 1239 2433 1303 VI
2480 1261 2641 1305 mar.
2689 1240 2764 1304 X
2810 1252 2972 1304 scot.
3018 1241 3053 1304 Ι
3100 1263 3197 1326 gr.

2436 1491 2817 1592 (1419).

1243 1667 1416 1730 Item
1464 1669 1749 1730 sabbato
1796 1667 1864 1730 in
1911 1668 2142 1752 vigilia
2209 1667 2587 1751 Epiphanie
2635 1671 2793 1754 (7s1)
2822 1667 2862 1752 ¹)
2927 1671 3054 1733 ista
3118 1681 3262 1734 tota
3324 1671 3700 1754 septimana
3764 1691 3890 1753 pro
3936 1667 4227 1738 simellis,

1028 1775 1324 1859 hospites
1368 1773 1638 1837 fuerunt
1703 1795 1838 1836 non
1903 1785 2130 1837 tamen
2197 1785 2336 1838 tam
2402 1777 2597 1839 multi
2662 1778 2843 1859 apud
2890 1779 3232 1841 dominam
3280 1778 3645 1862 Reginam,
3695 1777 3881 1841 XXI
3930 1796 4020 1840 sc.
4068 1775 4227 1836 item

1030 1881 1138 1944 IX
1186 1901 1350 1944 vasa
1396 1882 1676 1945 ceruisie
1733 1892 1960 1964 empta
2005 1903 2128 1965 pro
2175 1882 2423 1964 paratis
2470 1886 2769 1967 pecunijs
2816 1896 2882 1948 et
2929 1887 3059 1948 hoc
3105 1886 3273 1960 ideo,
3341 1887 3496 1969 quia
3542 1885 3927 1948 molendina
3974 1883 4229 1946 molere

1031 2008 1167 2052 non
1215 1998 1578 2071 potuerunt
1625 2001 1900 2071 propter
1945 1992 2124 2072 gelu,
2191 1990 2350 2072 quia
2396 1991 2461 2054 in
2510 1992 2807 2075 quinque
2853 1993 3241 2075 septimanis
3307 2013 3513 2056 vnum
3581 1994 3894 2056 braseum
3943 2009 4231 2074 cong-re-

1031 2115 1196 2180 gare
1244 2115 1376 2159 non
1425 2105 1802 2178 potuerunt,
1857 2107 2019 2160 tunc
2083 2098 2434 2180 quodlibet
2496 2101 2841 2164 reddendo
2907 2121 3027 2183 per
3070 2101 3259 2163 XIX
3306 2121 3395 2165 sc.
3460 2102 3526 2164 in
3573 2111 3717 2164 toto
3762 2099 3923 2163 facit
3966 2108 4229 2180 septem

942 2268 950 2276 ,
1030 2223 1193 2267 mar·
1239 2213 1375 2266 tres
1421 2219 1508 2266 SC.

1245 2309 1548 2375 Sabbato
1595 2319 1751 2374 ante
1799 2311 2041 2375 festum
2093 2313 2393 2376 Marcelli
2441 2317 2643 2397 (¹4l1)
2708 2317 2833 2379 ista
2878 2327 3021 2380 tota
3064 2317 3439 2399 septimana
3504 2337 3625 2398 pro
3673 2315 3945 2379 simellis
3990 2313 4233 2398 uiginti

1031 2438 1120 2482 sc,
1167 2419 1327 2481 item
1377 2418 1487 2482 IX
1535 2439 1700 2481 vasa
1746 2420 2025 2482 ceruisie
2072 2435 2462 2502 comparata
2509 2443 2630 2504 pro
2678 2425 2993 2508 pecuniis,
3050 2435 3307 2510 septem
3358 2445 3517 2488 mar.
3564 2435 3701 2486 tres
3746 2443 3834 2486 se.
3898 2423 4060 2484 item
4108 2441 4233 2504 pro

1031 2525 1180 2589 ollis
1227 2535 1294 2588 et
1339 2525 1624 2588 olliculis
1671 2527 1921 2608 pulcris
1977 2538 2045 2590 et
2091 2528 2507 2611 simplicibus
2550 2542 2689 2594 tres
2735 2552 2828 2596 sc.
2893 2533 3053 2596 item
3104 2551 3229 2615 pro
3275 2531 3571 2595 scutellis
3626 2531 3691 2612 ΙΙ,
3750 2550 3988 2614 sexag.
4037 2529 4231 2610 quin·

1032 2653 1166 2716 que
1210 2653 1310 2716 gr.

1246 2739 1550 2804 Sabbato
1596 2743 1742 2824 ipso
1789 2742 1896 2804 die
1942 2754 2175 2807 sancte
2221 2743 2518 2828 Agnetis
2558 2749 2653 2828 (21
2664 2747 2698 2830 s
2708 2747 2777 2827 1),
2825 2759 2987 2811 tunc
3034 2750 3269 2811 eadem
3318 2749 3695 2831 septimana
3740 2747 3849 2810 die
3895 2745 4231 2809 dominico

1031 2847 1218 2930 pueri
1265 2848 1539 2911 domine
1585 2848 1860 2932 Regine
1916 2864 2250 2915 venerunt
2296 2863 2365 2915 et
2410 2853 2681 2917 illustris
2726 2856 2889 2929 dux,
2958 2876 3132 2918 vxor
3180 2855 3506 2920 Bernardi
3554 2856 3743 2919 ducis
3789 2855 3876 2918 de
3922 2851 4230 2923 swelce,

1031 2965 1194 3018 tunc
1239 2975 1363 3038 pro
1410 2955 1682 3019 simellis
1728 2959 1940 3021 maior
1985 2979 2252 3022 summa
2297 2961 2602 3035 dabatur,
2650 2963 2964 3027 videlicet
3009 2984 3210 3025 vnam
3263 2983 3421 3028 mar.
3468 2964 3545 3025 X
3582 2983 3671 3026 sc.
3719 2962 3879 3026 item
3925 2961 4054 3024 ista
4088 2969 4232 3023 tota

1032 3063 1410 3145 septimana
1455 3063 1766 3126 vndecim
1816 3085 1980 3128 vasa
2025 3067 2306 3129 ceruisie
2374 3068 2587 3132 eciam
2636 3089 2758 3151 pro
2804 3071 3052 3152 paratis
3120 3071 3437 3154 pecuniis
3504 3070 3835 3152 capiendo
3882 3067 4232 3151 quodlibet

1032 3181 1108 3233 ut
1153 3189 1376 3252 supra,
1423 3168 1595 3234 VIII
1644 3185 1806 3236 mar.
1844 3173 2058 3236 XVII
2106 3194 2196 3238 sc.
2244 3174 2401 3238 item
2449 3195 2573 3259 pro
2620 3178 2785 3252 ollis,
2833 3178 3116 3242 olliculis
3160 3191 3451 3261 quatuor
3487 3199 3587 3262 gr.
3632 3179 3794 3240 item
3839 3196 3963 3258 pro
4009 3173 4233 3237 media

1031 3297 1384 3361 sexagena
1429 3280 1862 3342 scutellorum
1911 3291 2198 3363 quatuor
2242 3302 2342 3365 gr.

1246 3381 1419 3448 Item
1467 3387 1753 3449 sabbato
1798 3389 2112 3470 proximo
2177 3399 2331 3472 post
2376 3391 2623 3454 testum
2692 3390 3167 3456 Conuersionis
3228 3393 3443 3457 sancti
3490 3392 3679 3456 Pauli
3728 3391 3868 3474 (28s
3879 3393 3930 3472 1)
3978 3410 4099 3471 pro
4146 3390 4230 3450 si—

1034 3491 1248 3555 mellis
1295 3491 1422 3554 ista
1471 3503 1614 3556 tota
1659 3495 2052 3577 septimana,
2119 3497 2276 3578 quia
2325 3499 2497 3560 aduc
2546 3500 2847 3581 hospites
2892 3499 3352 3575 interfuerunt,
3418 3502 3539 3563 sed
3584 3509 3744 3562 tunc
3792 3498 4033 3561 eadem
4080 3516 4231 3577 sep-

1030 3599 1284 3662 timana
1330 3601 1473 3662 dux
1540 3600 1864 3664 Bernardi
1927 3603 2217 3676 recessit,
2284 3625 2420 3668 vna
2468 3625 2627 3668 mar.
2675 3606 2785 3669 IX
2840 3617 3001 3670 scot.
3064 3607 3227 3671 item
3292 3609 3531 3671 eadem
3597 3605 3973 3689 septimana
4019 3605 4227 3666 vnde·

1029 3706 1160 3769 cim
1207 3727 1371 3769 vasa
1419 3707 1701 3771 ceruisie
1745 3729 1867 3790 pro
1914 3711 2176 3792 paratis,
2223 3720 2381 3775 octo
2430 3733 2592 3777 mar.
2642 3713 2854 3777 XVII
2899 3736 2989 3778 sc.
3054 3714 3213 3778 item
3259 3734 3383 3797 pro
3428 3715 3579 3778 ollis
3624 3722 3692 3777 et
3737 3712 4021 3776 olliculis
4066 3730 4229 3792 qua—

1029 3823 1182 3876 tuor
1227 3833 1327 3897 gr.

1247 3921 1420 3984 Item
1468 3922 1577 3984 die
1622 3924 1906 3986 sabbato
1954 3929 2268 4006 proximo
2318 3937 2469 4008 post
2532 3927 2778 3991 festum
2846 3927 3345 3993 Purificacionis
3392 3938 3625 3992 sancte
3690 3929 3905 3991 Mat-ie
3950 3925 4229 4008 virginis

1031 4027 1208 4109 (4s2),
1253 4028 1384 4090 ista
1429 4038 1570 4091 tota
1615 4029 1988 4112 septimana
2053 4051 2176 4112 pro
2222 4034 2487 4108 simelis,
2554 4036 2712 4118 quia
2776 4038 2948 4100 aduc
3016 4037 3201 4119 pueri
3266 4037 3536 4100 domine
3601 4035 3877 4119 Regine
3942 4033 4225 4102 fuerunt.

1029 4136 1152 4198 sed
1197 4144 1425 4198 tamen
1475 4138 1712 4199 eadem
1761 4137 2136 4220 septimana
2181 4154 2620 4217 recesserunt,
2669 4145 2700 4206 I
2742 4165 2901 4208 mar.
2948 4145 3245 4227 quinque
3282 4165 3372 4206 se.
3420 4145 3577 4206 item
3626 4144 3753 4206 ista
3800 4144 4040 4205 eadem
4078 4159 4227 4219 sep-

1029 4242 1280 4304 timana
1327 4244 1560 4305 decem
1611 4264 1774 4308 vasa
1819 4246 2095 4310 ceruisie
2131 4268 2254 4330 pro
2302 4269 2542 4331 praseo
2580 4253 2653 4333 (s)
2693 4252 2779 4315 de
2818 4252 3216 4316 molendinis
3252 4260 3655 4333 comparata,
3701 4251 3863 4312 item
3910 4269 4033 4330 pro
4079 4245 4228 4309 ollis

1030 4359 1096 4411 et
1143 4350 1423 4412 olliculis
1467 4361 1604 4414 tres
1651 4371 1740 4414 sc.

1243 4456 1528 4520 Summa
1572 4459 1776 4522 huius
1822 4461 2181 4544 columpne
2227 4462 2385 4526 facit
2432 4464 2660 4529 XXX
2707 4477 2775 4530 et
2820 4467 2993 4530 VIII
3042 4487 3201 4531 mar.

1242 4562 1548 4628 Sabbato
1595 4567 1904 4648 proximo
1950 4581 2108 4632 ante
2153 4571 2403 4635 festum
2441 4574 2653 4637 sancti
2690 4573 3035 4638 Valentini
3082 4575 3283 4659 (11s2)
3330 4594 3532 4656 super
3574 4574 3769 4637 istam
3816 4583 4030 4636 totam
4076 4591 4226 4653 sep·

1028 4671 1351 4733 timanam
1401 4693 1522 4753 pro
1569 4673 1844 4738 simellis
1892 4676 1923 4738 I
1969 4697 2133 4740 mar.
2181 4690 2471 4760 quatuor
2516 4701 2605 4744 sc.
2670 4682 2828 4744 item
2878 4683 3006 4745 ista
3050 4692 3189 4744 tota
3239 4682 3610 4763 septimana
3656 4680 4013 4744 duodecim
4061 4700 4225 4743 vasa

1029 4778 1308 4840 ceruisie
1355 4791 1747 4862 comparata
1791 4801 1914 4864 pro
1978 4785 2219 4847 braseo
2266 4787 2351 4850 de
2400 4788 2814 4888 molendinis,
2878 4789 3034 4852 item
3082 4809 3205 4872 pro
3251 4789 3400 4852 ollis
3446 4798 3513 4851 et
3575 4787 3858 4851 olliculis
3904 4787 4225 4850 multrali-

1027 4887 1156 4946 bus
1201 4896 1490 4967 quatuor
1533 4887 1718 4952 scoti.
1779 4924 1786 4933 =

1242 4992 1416 5056 Item
1465 4994 1576 5057 die
1622 4995 1958 5061 dominico
2011 4999 2321 5081 proximo
2384 5001 2450 5064 in
2498 5001 3016 5088 Septuagesima
3062 5005 3281 5086 (12s2),
3347 5007 3579 5067 eadem
3645 5015 3789 5068 tota
3851 5005 4225 5086 septimana

1030 5119 1153 5180 pro
1199 5100 1480 5164 simellis
1527 5102 1560 5164 I
1608 5122 1770 5168 mar.
1809 5105 2105 5188 quinque
2141 5127 2232 5172 sc.
2278 5108 2437 5171 item
2488 5112 2724 5173 eadem
2773 5121 2913 5174 tota
2958 5113 3332 5194 septimana
3378 5115 3685 5175 vnde-cim
3738 5133 3901 5175 vasa
3946 5114 4223 5176 ceruisie

1027 5217 1438 5289 comparata,
1489 5221 1779 5292 quatuor
1822 5232 1946 5294 pro
1991 5214 2293 5298 pecunijs
2340 5218 2590 5298 paratis
2628 5229 2696 5280 et
2730 5229 2989 5301 septem
3038 5241 3158 5302 pro
3198 5221 3451 5302 praseis
3489 5223 3572 5284 de
3610 5222 4025 5296 molendiniS,
4062 5235 4223 5285 tunc

1028 5314 1158 5376 ista
1206 5326 1496 5397 quatuor
1559 5327 1696 5380 tres
1762 5339 1922 5382 mar.
1969 5330 2258 5402 quatuor
2322 5343 2410 5386 sc,
2475 5322 2746 5399 faciunt,
2814 5335 2882 5389 et
2947 5328 3232 5391 sabbato
3295 5330 3607 5410 proximo
3672 5350 3807 5392 vna
3852 5331 4219 5411 septimana

1031 5431 1188 5489 ante
1240 5419 1763 5506 Carnispriuium
1813 5428 2083 5490 domina
2131 5429 2407 5513 Regina
2453 5451 2605 5494 cum
2654 5433 2889 5496 Inueni
2936 5433 3002 5496 in
3051 5433 3291 5498 Iedlna
3335 5447 3770 5499 recesserunt.

1253 5637 1294 5704 ¹)
1323 5643 1490 5706 Jestto
1527 5643 1699 5707 mylka
1734 5643 1751 5690 i
1787 5643 2018 5707 powinno
2056 5644 2151 5708 byc
2187 5645 2265 5692 nie
2302 5646 2375 5693 »in
2411 5646 2608 5709 vigilia«,
2647 5647 2744 5696 lecz
2780 5649 2853 5696 »in
2887 5650 3129 5698 crastino«.
