4592 6559
1009 423 1388 490 REJESTRA
1437 421 2022 473 PoDsKARmEGo
2070 420 2403 473 Hmczm.
2462 423 2580 484 139
2600 423 2657 482 3·
3340 401 3461 500 ιδῃ

272 630 420 695 item
463 627 820 694 Kanimiro
866 625 1189 698 venatori,
1234 623 1566 699 Michaeli‚
1613 625 1950 690 Petrassio
2005 629 2360 715 terrigenis
2432 631 3009 698 Dobrzinensibus
3054 635 3139 698 ad
3186 636 3461 699 manda-

269 747 403 802 tum
447 736 668 820 Regis
715 733 966 809 vocale,
1013 731 1287 796 cuilibet
1331 751 1454 815 per
1497 730 1567 796 II
1615 752 1816 798 marc.
1861 754 2129 799 summa
2172 735 2333 801 facit
2378 738 2481 802 VI
2529 759 2732 805 marc.

269 845 419 909 item
462 842 818 908 Chodkoni
882 840 1290 906 cubiculario
1355 840 1578 923 Regis
1641 862 1765 925 pro
1829 843 2071 907 balista
2135 865 2287 908 cum
2358 847 2669 912 omnibus
2734 848 3111 913 attinenciis
3177 851 3319 913 eius
3366 853 3454 914 ad

270 953 648 1016 mandatum
696 949 811 1014 dni
857 947 1080 1034 Regis
1124 949 1362 1013 vocale
1408 948 1519 1030 I¹l2
1579 968 1780 1013 mare.

268 1061 418 1124 item
464 1060 600 1122 dno
647 1056 935 1122 Cristino
983 1056 1308 1140 magistro
1374 1055 1556 1120 curie
1622 1057 1898 1142 Regine
1963 1078 2084 1140 pro
2150 1061 2389 1141 pelieio
2456 1063 2705 1145 wlpino
2770 1065 2857 1127 ad
2904 1065 3295 1128 mandatum
3346 1065 3462 1133 dni

269 1166 478 1251 Regis
524 1167 764 1231 vocale
810 1165 878 1227 V
926 1185 1126 1228 mare.

267 1274 416 1336 item
463 1274 746 1337 sabbato
793 1272 1106 1356 sequenti
1153 1271 1402 1356 (25s1o)
1449 1272 1732 1336 Nicolao
1799 1273 2298 1340 Zimnowodski
2364 1297 2485 1358 pro
2550 1278 2815 1360 pellicio
2862 1289 2929 1341 et
2975 1300 3098 1363 pro
3146 1281 3463 1362 expensis

265 1382 350 1444 ad
395 1381 786 1445 mandatum
835 1380 948 1444 dni
995 1379 1216 1464 Regis
1263 1381 1502 1444 vocale
1550 1379 1648 1441 IV
1699 1400 1900 1444 mare.
1949 1401 2103 1445 cum
2165 1383 2258 1464 Ἄ,

263 1487 419 1552 item
467 1489 860 1552 Przeezslao
905 1489 1086 1552 dicto
1132 1488 1480 1551 Bachorza
1526 1488 1612 1550 ad
1661 1489 2053 1552 mandatum
2101 1490 2215 1552 dni
2263 1491 2489 1572 Regis
2536 1491 2639 1554 VI
2688 1512 2887 1558 marc.

264 1595 419 1660 item
465 1595 914 1679 Heynczkoni
961 1595 1529 1659 vicethezaurario
1575 1614 1698 1675 pro
1745 1596 2008 1676 pellicio
2047 1596 2297 1678 wlpino
2336 1599 2422 1661 ad
2462 1600 2852 1662 mandatum
2895 1601 3116 1684 Regis
3152 1601 3221 1664 V
3258 1623 3457 1667 mare.

264 1702 420 1766 item
465 1724 587 1786 pro
635 1703 1078 1786 exempcione
1126 1701 1530 1766 curiensium
1577 1701 1692 1765 dni
1740 1703 1961 1786 Regis
2006 1704 2092 1767 de
2139 1705 2436 1786 hospicio
2484 1726 2605 1788 per
2652 1707 2927 1770 Petrum
2994 1710 3461 1790 pabulatorem

263 1813 480 1896 Regis
525 1813 764 1876 XLIII
781 1813 842 1894 ¹s2
902 1830 1102 1874 mare.

263 1921 420 1985 item
467 1941 590 2002 pro
637 1919 949 2002 expensis
993 1917 1537 1981 vicethezaurarii
1584 1937 1738 1980 eum
1797 1917 2047 1981 familia
2093 1919 2160 1980 in
2207 1918 2535 1984 Cracouia
2599 1943 2754 1985 cum
2820 1924 3187 1988 sartoribus
3236 1947 3464 2008 prece-

261 2029 480 2092 dentis
524 2028 893 2110 septimane
939 2027 1044 2090 III
1091 2046 1292 2090 marc.
1329 2003 1504 2088 V1'11
1549 2045 1641 2088 se.

259 2135 416 2198 item
464 2134 799 2200 dominico
845 2135 950 2198 die
1018 2132 1092 2196 Si
1155 2133 1539 2216 iniquitates
1605 2132 1852 2218 (26s1o)
1918 2133 2323 2198 Michalconi
2388 2145 2456 2199 et
2522 2135 2819 2201 Chdconi
2886 2141 3303 2204 cubiculariis
3350 2142 3465 2206 dni

259 2245 480 2329 Regis
525 2246 612 2308 ad
661 2244 1053 2306 mandatum
1100 2241 1308 2325 ipsius
1353 2241 1577 2326 Regis
1622 2242 1692 2304 II
1740 2261 1941 2306 marc.

257 2353 420 2417 item
466 2373 589 2436 pro
636 2351 986 2435 empcione
1033 2349 1318 2414 caldaris
1365 2349 1692 2412 luminum
1743 2369 1863 2430 per
1909 2349 2393 2412 Raboszonem
2439 2371 2723 2436 sweczny
2770 2353 2837 2419 II
2886 2375 2985 2438 gr.

257 2462 418 2524 item
465 2462 552 2525 ad
599 2460 1001 2524 relacionem
1049 2457 1480 2520 Hanuszonis
1537 2457 1924 2521 cubicularii
1988 2457 2104 2519 dni
2168 2457 2389 2540 Regis
2454 2458 2719 2521 cuidam
2788 2461 3195 2525 cubiculario
3242 2464 3464 2548 Regis

256 2569 363 2632 III
411 2568 552 2633 fert.

474 2675 756 2739 Summa
801 2673 1124 2738 LXXIX
1173 2692 1373 2736 marc.
1420 2670 1565 2734 XV
1610 2692 1698 2735 se.

472 2783 642 2846 Item
695 2783 1043 2846 Hermano
1089 2791 1156 2844 et
1203 2779 1639 2843 Wonsziconi
1697 2779 2117 2843 cubiculariis
2181 2800 2304 2861 pro
2372 2780 2614 2846 calceis
2680 2792 2745 2846 et
2792 2783 3093 2848 cirotecis
3140 2787 3229 2848 ad
3274 2806 3460 2849 man-

252 2895 494 2956 datum
541 2892 761 2975 Regis
807 2891 1044 2954 vocale
1091 2891 1164 2954 X
1211 2910 1310 2973 gr.

250 3001 420 3064 item
477 3007 631 3062 octo
695 2999 962 3063 canistis
1026 2998 1218 3061 dictis
1271 3003 1534 3081 pszarze
1595 3017 1718 3080 pro
1783 2994 2016 3079 caligis
2079 2996 2502 3070 sotularibUS,
2567 2997 2725 3079 quia
2768 3006 2929 3061 tunc
2995 3019 3259 3081 pannus
3325 3021 3460 3064 non

246 3107 383 3171 fuit
427 3107 502 3170 X
634 3155 650 3168 .

247 3216 418 3279 item
466 3126 824 3295 pigot-ibus
871 3211 985 3275 dni
1031 3212 1252 3295 Regis
1297 3233 1422 3296 pro
1469 3212 1876 3275 sotularibus
1924 3221 1992 3275 et
2036 3211 2342 3275 cirotecis
2388 3211 2421 3274 Ι
2466 3211 2610 3275 fert.

243 3324 418 3385 item
465 3321 834 3384 Panassoni
898 3319 1266 3382 balneatori
1332 3320 1554 3404 Regis
1619 3340 1743 3402 pro
1809 3319 2214 3383 sotularibus
2279 3328 2350 3382 et
2410 3317 2540 3382 filis
2594 3321 2962 3384 consuendi
3028 3323 3463 3387 lenthiamina

243 3429 482 3493 balnei
528 3429 642 3492 dni
688 3429 910 3512 Regis
955 3426 1057 3490 III
1105 3447 1204 3510 gr.
1461 3497 1466 3500 ,

241 3539 418 3600 item
468 3534 885 3598 Bachorzoni
935 3535 1263 3597 Rutheno
1311 3533 1531 3617 Regis
1578 3555 1701 3618 pro
1747 3535 1982 3618 caligis
2029 3534 2130 3596 VI
2178 3554 2276 3618 gr.

235 3646 414 3708 item
467 3644 534 3706 II
579 3642 1060 3707 fistulatoribus
1106 3643 1219 3706 dni
1267 3641 1486 3724 Regis
1551 3642 1806 3705 Auloni
1855 3652 1922 3704 et
1968 3641 2413 3722 Nespechoni‚
2480 3641 2698 3704 missis
2762 3663 2881 3723 per
2928 3644 3135 3706 dnum
3184 3645 3459 3728 Regem

235 3752 342 3816 ad
391 3752 631 3814 ducem
679 3749 1128 3824 Witholdum‚
1175 3751 1262 3812 ad
1311 3749 1488 3812 viam
1536 3748 1638 3810 IV
1688 3768 1886 3811 mare.

231 3861 420 3924 item
468 3859 803 3922 Canimiro
849 3857 1170 3932 venatori,
1217 3855 1550 3938 Michaeli,
1597 3856 1952 3919 Petrassio.
1980 3856 2333 3939 terrigenis
2372 3839 2903 3920 Dobrinensibus
2940 3859 3027 3919 ad
3066 3859 3459 3921 mandatum

231 3966 372 4032 dni
421 3967 642 4049 Regis
688 3966 926 4029 iterata
970 3967 1118 4028 vice
1165 3965 1264 4028 IV
1297 3983 1512 4042 marc.

228 4077 417 4140 item
467 4075 664 4137 Koze
712 4075 1041 4137 Rutheno
1089 4073 1290 4135 misso
1337 4072 1403 4135 in
1461 4069 1692 4135 Chelm
1738 4092 1862 4154 pro
1909 4070 2224 4152 expensis
2271 4071 2305 4134 Ι
2352 4071 2497 4134 fert.

227 4185 416 4248 item
467 4182 797 4266 Minigalo
844 4181 1194 4262 capitaneo
1241 4179 1604 4262 ⁷Wylnensi
1667 4199 1789 4261 pro
1834 4177 2080 4242 schlam
2128 4187 2196 4241 et
2232 4177 2461 4262 geynk
2506 4179 2591 4241 ad
2640 4179 3031 4241 mandatum
3080 4180 3195 4242 dni
3242 4181 3461 4264 Regis

223 4291 376 4356 11¹!
461 4309 662 4352 marc.

221 4333 416 4463 iterii
465 4395 744 4460 Malofio
791 4395 1050 4459 notario
1099 4395 1317 4478 Regis
1364 4395 1750 4458 Ruthenico
1795 4413 1919 4477 pro
1967 4392 2035 4454 II
2081 4391 2301 4455 loricis
2348 4393 2433 4456 ad
2482 4391 2873 4455 mandatum
2914 4391 3118 4474 ipsius
3164 4394 3278 4457 dni
3316 4395 3458 4458 Re·

223 4507 360 4591 gis
407 4506 646 4567 vocale
682 4503 749 4565 V
799 4525 998 4568 marc,

219 4617 414 4678 item
463 4632 587 4695 pro
634 4611 700 4673 11
745 4608 1230 4674 scklomom'bus
1275 4618 1344 4672 et
1399 4631 1536 4672 vno
1590 4608 1816 4693 geynk
1880 4609 2053 4672 datis
2119 4609 2337 4672 eidem
2403 4605 2683 4670 Malofio
2751 4607 2835 4670 ad
2902 4607 3289 4670 mandatum
3340 4609 3457 4671 dni

218 4719 480 4801 Regis
538 4721 600 4800 ’,ᾧ
616 4717 682 4778 V
727 4739 927 4782 marc,

211 4829 414 4892 item
466 4821 746 4889 Andree
793 4825 1216 4889 Frunczkoni
1280 4845 1402 4906 pro
1467 4824 1670 4886 lorica
1736 4832 1805 4886 et
1868 4825 2107 4887 balista
2175 4825 2260 4887 ad
2329 4824 2720 4886 mandatum
2786 4821 2900 4886 dni
2948 4822 3170 4906 Regis
3220 4824 3455 4886 vocale

216 4935 306 4998 V
367 4954 576 4997 marc.

214 5047 414 5109 item
465 5041 947 5105 Bartholomeo
1011 5039 1304 5105 tubicine
1352 5039 1385 5102 I
1433 5059 1632 5103 marc,
1708 5038 2202 5122 Grzegorzconi
2266 5039 2352 5102 de
2420 5036 2577 5123 Κῇε
2640 5037 2673 5100 Ι
2738 5056 2938 5100 marc.
3006 5037 3453 5101 Schuczkow-

214 5153 498 5217 Skemu
547 5148 613 5211 ΙΙ
661 5167 863 5212 marc.
909 5148 1274 5212 Wlochoni
1320 5147 1560 5210 seniori
1609 5145 1712 5210 IV
1759 5165 1960 5209 marc,
2005 5146 2319 5209 Dobconi
2368 5143 2757 5208 Stobniczki
2806 5143 2871 5205 II
2920 5163 3121 5206 mare.
3168 5145 3454 5208 Summa

211 5259 446 5324 istius
491 5256 648 5320 facit
693 5257 802 5319 XI
849 5275 1050 5319 mare.

211 5370 413 5431 item
467 5365 660 5448 Kuly
708 5363 1054 5449 sagittario
1082 5339 1320 5446 'Regis
1367 5383 1490 5448 pro
1537 5361 1759 5434 lorica,
1805 5361 2061 5431 balista,
2108 5379 2352 5441 pann0‚
2399 5359 2716 5434 ciroteci5‚
2758 5357 3146 5423 necessariis
3192 5357 3329 5422 suis
3366 5360 3453 5420 ad

211 5471 659 5540 relacionem
707 5471 1030 5534 Demetrii
1076 5469 1544 5533 marszalconis
1591 5469 1814 5551 Regis
1860 5469 1935 5530 X
1984 5488 2182 5530 marc,

211 5584 412 5650 item
463 5578 800 5642 cithariste
845 5579 1174 5642 Rutheno
1213 5598 1342 5660 pro
1388 5574 1830 5659 exempcione
1875 5576 1962 5639 de
2005 5573 2301 5658 hospicio
2350 5574 2383 5638 Ι
2427 5573 2573 5638 fert.

467 5715 760 5762 Bona-tenta
785 5715 924 5762 medii
951 5715 1068 5760 aevi.
1094 5713 1144 5760 T.
1171 5711 1268 5760 XV.
