4592 6559
662 452 1038 518 REJESTRA
1089 439 1516 512 WAJRoBm
1567 452 2224 514 wiELKORzADZCY
2271 454 2931 506 KRAKowsKIEGO.
2989 463 3171 521 1420,
3230 464 3413 522 ¹419·
3504 463 3633 524 559

431 651 931 715 recusacionem
997 653 1274 716 canibus
1337 674 1787 735 expensarum
1853 663 1920 716 et
1975 652 2133 736 ipsis
2190 653 2370 717 XVI
2417 667 2579 718 scot.
2644 655 2803 719 item
2870 657 3123 720 eisdem
3190 658 3457 720 duobus
3520 676 3628 720 ca-

433 758 620 822 nistis
681 779 804 841 pro
867 760 1093 823 II-bus
1159 760 1339 824 sellis
1404 772 1473 824 et
1536 760 1739 824 frenis
1797 761 1861 840 ¹l2
1919 782 2079 824 mar.
2145 762 2308 824 item
2373 782 2497 844 pro
2561 763 2785 825 II·bus
2849 763 3169 842 vehiculis
3234 765 3318 826 ad
3385 766 3635 828 condu-

431 868 646 930 cenda
713 869 949 930 eadem
1008 868 1184 931 recia
1231 889 1384 932 cum
1454 917 1905 933 ........
1973 881 2040 932 et
2087 868 2230 951 alijs
2277 869 2669 952 attinenciis
2717 870 3031 932 videlicet
3068 867 3316 953 palubz'
3350 871 3421 932 X
3470 883 3635 934 scot.

644 973 963 1057 Sequitur
1008 976 1136 1038 alia
1182 987 1252 1039 et
1297 975 1530 1038 vltima
1578 976 1928 1058 expedicio
1974 976 2377 1039 canistarum
2427 977 2513 1038 de
2562 974 3034 1039 Proschowz'cze
3078 977 3143 1039 in
3192 975 3633 1065 Radoscfiicze

429 1089 584 1143 ante
630 1080 875 1145 festum
923 1083 1102 1146 beati
1148 1083 1515 1167 Laurencij,
1565 1104 1741 1146 anno
1789 1083 2061 1146 Domini
2110 1081 2673 1147 M⁰CCCC⁰XX⁰.

643 1187 925 1252 Summa
970 1191 1166 1255 huius
1212 1193 1300 1254 ab
1346 1192 1476 1254 alia
1521 1191 1735 1254 XIIII
1785 1211 1947 1254 mar.
1993 1201 2130 1254 tres
2173 1190 2323 1254 fert.
2370 1190 2479 1272 I¹l2
2538 1212 2637 1274 gr.

643 1297 817 1360 Item
863 1318 987 1379 pro
1034 1287 1230 1362 curru
1279 1299 1531 1361 eisdem
1599 1299 1868 1362 canistis
1915 1319 2066 1362 cum
2119 1299 2254 1361 suis
2301 1298 2678 1382 attinenciis
2726 1298 2904 1361 XVI
2952 1319 3041 1362 se.
3088 1301 3246 1362 item
3296 1301 3431 1364 duo
3478 1302 3630 1383 equi

427 1401 700 1466 fuerunt
743 1406 828 1466 de
875 1406 1330 1487 expedicione,
1380 1406 1537 1488 quia
1583 1408 1764 1488 prius
1811 1406 2054 1468 alicubi
2122 1405 2438 1469 destinari
2483 1427 2619 1470 non
2668 1408 3028 1470 valuerunt
3074 1419 3351 1490 propter
3396 1429 3629 1471 eorum

426 1530 561 1571 non
611 1532 824 1593 posse,
871 1511 1030 1575 item
1098 1512 1376 1576 Iohanni
1442 1513 1658 1576 Czech
1709 1514 1782 1577 X
1831 1515 2026 1576 vlnas
2091 1514 2296 1594 panni
2361 1533 2483 1595 per
2548 1525 2838 1596 quatuor
2883 1535 2982 1598 gr.
3030 1515 3217 1578 XXI
3264 1528 3425 1579 scot.
3471 1517 3631 1578 item

427 1637 550 1699 pro
597 1619 808 1682 ocreis
855 1619 1074 1683 eidem
1123 1630 1190 1682 et
1234 1641 1357 1683 suo
1414 1620 1670 1685 famulo
1719 1619 1898 1683 XVI
1946 1641 2046 1703 gr.
2113 1620 2272 1684 item
2321 1641 2444 1703 pro
2493 1620 2665 1683 VIII
2710 1622 2887 1685 vlnis
2932 1623 3138 1705 panni
3184 1643 3304 1706 per
3347 1633 3483 1686 tres
3530 1644 3631 1708 gr.

425 1722 681 1788 famulo
727 1725 872 1790 XII
918 1737 1080 1791 scot.

641 1833 812 1895 Item
860 1834 1210 1916 Byalcowi
1260 1833 1515 1898 caniste
1562 1835 1753 1898 alteri
1800 1855 1921 1918 pro
1962 1834 2137 1901 VIII
2183 1835 2360 1898 vinis
2406 1837 2610 1918 panni
2657 1836 2985 1900 terrestris
3032 1856 3153 1918 per
3200 1847 3488 1919 quatuor
3533 1858 3633 1922 gr.

425 1937 605 2002 XVI
651 1950 813 2003 scot.
859 1940 1021 2004 item
1067 1943 1322 2006 famulo
1369 1941 1668 2006 eiusdem
1718 1962 1839 2025 pro
1886 1942 2024 2005 VII
2069 1942 2247 2005 vlnis
2308 1945 2513 2025 panni
2559 1963 2681 2025 per
2725 1957 2861 2006 tres
2906 1965 3003 2027 gr.
3051 1944 3203 2025 X¹s2
3261 1953 3423 2007 scot.
3470 1944 3631 2007 item

425 2067 547 2127 pro
595 2047 807 2110 ocreis
863 2049 1115 2113 eisdem
1183 2052 1514 2114 ambobus
1563 2049 1707 2112 XV
1755 2070 1853 2133 gr.
1920 2051 2079 2114 item
2145 2070 2351 2132 super
2416 2071 2757 2133 expensas
2818 2051 3075 2114 eisdem
3142 2071 3295 2114 cum
3362 2051 3634 2134 speciali

422 2152 718 2234 ipsorum
768 2164 1029 2219 astante
1075 2157 1239 2220 alias
1284 2176 1319 2218 s
1353 2155 1770 2241 przzssctawcm
1818 2157 1892 2219 X
1939 2169 2105 2220 scot.

640 2259 922 2326 Summa
966 2262 1164 2326 huius
1210 2272 1501 2346 quatuor
1549 2285 1706 2328 mar.
1755 2264 1864 2327 IX
1913 2275 2073 2328 scot.
2099 2261 2160 2347 ¹).

1649 2540 1986 2643 (1419,
2043 2539 2406 2640 1420).

639 2744 978 2809 Secuntur
1049 2747 1202 2829 equi
1277 2745 1644 2828 comparati
1711 2767 1834 2830 pro
1898 2746 2459 2810 subveccionibus
2524 2747 2686 2809 alias
2738 2743 3059 2830 podwodz'
3109 2766 3285 2808 anno
3352 2745 3625 2809 Domini

423 2850 1008 2916 M⁰CCCC⁰XIX⁰
1053 2866 1540 2937 consequenter
1585 2863 1652 2918 et
1699 2853 2038 2918 vicesimo

637 2958 975 3024 Secuntur
1020 2981 1328 3024 cursores
1374 2983 1529 3025 cum
1575 2962 1782 3025 literis
1829 2963 1914 3025 ad
1956 2961 2300 3025 dominum
2352 2963 2626 3045 Regem
2676 2981 2853 3024 anno
2902 2959 3249 3024 vicesimo:
3300 2961 3460 3024 item
3501 2960 3627 3023 Mi-

423 3068 791 3150 colaycowi
837 3067 1139 3132 familiari
1187 3090 1358 3144 me0,
1406 3069 1750 3132 dominum
1802 3069 2076 3156 Regem
2147 3069 2213 3131 in
2264 3068 2567 3132 Brzescze
2611 3068 2990 3141 invenienti,
3037 3089 3241 3151 super
3286 3089 3624 3151 expensas

420 3175 640 3238 eidem
700 3176 762 3256 ¹l2
820 3196 982 3239 mar.
1029 3176 1188 3239 item
1236 3176 1364 3239 alia
1411 3177 1521 3239 via
1567 3177 1785 3240 eidem
1855 3176 2234 3240 nunccianti
2304 3178 2390 3238 de
2455 3185 2669 3238 morte
2734 3175 3003 3238 domine
3068 3176 3343 3259 Regine
3409 3177 3621 3239 eciam

421 3281 538 3345 vbi
601 3283 946 3346 dominum
1006 3284 1279 3368 Regem
1351 3283 1665 3358 inueniet,
1737 3293 1807 3347 et
1880 3304 2096 3367 equus
2168 3283 2292 3346 sibi
2368 3283 2757 3365 supervia
2834 3285 2919 3346 de
2994 3283 3307 3346 Lancicia
3383 3283 3627 3347 defecit

431 3391 494 3472 11,
555 3409 718 3454 mar.

639 3497 773 3561 Hic
817 3498 1000 3562 racio
1044 3500 1248 3562 debet
1292 3499 1606 3563 inchoari.

634 3605 803 3669 Item
855 3627 896 3670 a
941 3607 1372 3690 reparacione
1418 3607 1671 3689 piscine
1738 3625 1988 3690 magne
2034 3605 2100 3668 in
2149 3603 2624 3669 Proschowz'cze
2687 3607 3013 3690 magistro
3078 3607 3365 3669 eandem
3430 3605 3622 3688 pisci-

421 3733 579 3776 nam
646 3714 977 3795 laboranti
1042 3724 1109 3777 et
1173 3713 1530 3788 effodienti,
1595 3693 1906 3776 videlicet
1971 3712 2276 3777 Gotardo
2341 3716 2579 3777 decem
2648 3733 2811 3777 mar.
2850 3724 2945 3776 -et
2990 3714 3113 3777 Has
3160 3733 3405 3795 pernas
3451 3713 3619 3776 lardi

418 3819 821 3906 woyennich,
869 3821 942 3884 X
991 3842 1154 3885 mar.
1200 3821 1359 3885 item
1408 3821 1534 3902 (ad)
1581 3821 1902 3903 piscinam
1951 3841 2249 3903 parwam
2297 3820 2362 3883 in
2413 3818 2889 3884 Proschowz'cze
2934 3829 3089 3883 ante
3136 3829 3403 3904 portam
3460 3820 3622 3883 alias

417 3925 761 3991 sadzawka
822 3929 1206 3992 hominibus
1270 3930 1555 3992 eandem
1620 3929 2080 3992 laborantibus
2144 3927 2301 3990 dedi
2365 3929 2434 3990 II
2499 3948 2777 4002 marcas,
2844 3928 2912 3990 II
2977 3948 3139 3991 mar.
3204 3928 3425 4014 min-us
3490 3925 3616 3990 fer-

415 4045 594 4110 tone,
640 4035 798 4100 item
847 4057 972 4118 pro
1017 4036 1318 4100 curribus
1366 4035 1530 4098 alias
1576 4034 1728 4098 takz·
1771 4035 2012 4119 viginti
2057 4055 2178 4117 per
2224 4045 2512 4118 quatuor
2558 4057 2657 4120 gr.
2706 4036 3091 4118 recipiendo
3139 4055 3273 4098 vna
3320 4054 3473 4098 cum
3522 4045 3617 4098 te-

417 4141 674 4205 naculis
719 4142 1155 4206 fossoriorum
1203 4153 1273 4206 et
1317 4164 1440 4226 pro
1487 4144 1753 4206 duobus
1797 4145 1931 4206 due
1979 4163 2140 4206 mar.
2189 4142 2409 4204 minus
2457 4152 2610 4205 octo
2658 4163 2756 4226 gr.
2802 4141 2964 4204 item
3012 4162 3134 4224 pro
3182 4140 3361 4204 XVI
3408 4140 3618 4204 fosso-

411 4250 524 4333 rijs
571 4250 734 4313 alias
764 4248 992 4334 ridhoe,
1040 4251 1423 4333 recipiendo
1469 4251 1816 4334 quodlibet
1860 4249 2216 4313 fossorium
2263 4270 2386 4332 per
2424 4248 2604 4313 XIII
2643 4251 3065 4332 quadrenteS,
3111 4250 3269 4333 quia
3315 4249 3442 4312 alia
3487 4248 3619 4312 fos-

411 4358 589 4422 soria
637 4357 908 4421 fuerunt
953 4359 1018 4420 in
1068 4359 1308 4433 alodi0,
1355 4357 1569 4421 XVII
1615 4368 1778 4422 scot.
1826 4367 2117 4440 quatuor
2162 4357 2481 4440 quadren.

629 4464 914 4529 Summa
959 4466 1156 4528 huius
1200 4465 1359 4529 facit
1405 4464 1622 4528 XIIII
1670 4485 1830 4528 mar.
1879 4464 2102 4547 X111s,
2163 4485 2263 4548 gr.
2312 4463 2380 4528 II
2428 4466 2851 4547 quadrenteS.

626 4571 946 4656 Sequitur
1017 4572 1359 4638 edificacio
1434 4574 1676 4637 domus
1749 4574 1816 4635 in
1883 4570 2359 4636 Proschowz'cze
2422 4573 2510 4635 ad
2579 4571 2969 4635 mandatum
3043 4569 3297 4634 domini
3373 4570 3615 4654 Regis,

409 4699 614 4763 super
679 4680 1087 4764 quaquidem
1154 4683 1357 4745 domo
1430 4681 1566 4744 duo
1631 4680 1937 4765 magistri
2011 4679 2250 4764 viginti
2317 4689 2386 4742 et
2449 4699 2585 4742 vna
2657 4679 3047 4760 septimanis
3118 4680 3613 4752 laborauerunt,

411 4788 654 4871 quibus
699 4789 1196 4872 septimanatim
1243 4809 1363 4871 per
1419 4789 1482 4870 ΙΙ,
1540 4808 1703 4852 mar.
1766 4788 2057 4851 dabatur
2114 4797 2182 4850 et
2229 4807 2529 4869 expense
2578 4805 2731 4850 cum
2781 4785 3021 4849 ceteris
3067 4783 3350 4861 famuliS,
3398 4796 3473 4848 ut
3516 4785 3614 4848 in-

407 4893 512 4958 fra
557 4895 830 4978 patebit.

624 5004 798 5066 Item
847 5004 1098 5068 eisdem
1166 5005 1431 5068 duobus
1497 5003 1832 5088 magistris
1896 5023 2098 5086 super
2163 5003 2368 5066 domo
2435 5003 2672 5064 eadem
2737 4999 3217 5074 laborantibuS,
3264 5001 3491 5062 dando
3539 5009 3613 5063 ut

412 5130 634 5194 supra,
681 5111 923 5196 viginti
971 5131 1106 5174 vna
1150 5131 1310 5175 mar.
1375 5111 1538 5174 item
1604 5111 1868 5175 cuidam
1934 5110 2186 5173 famulo
2251 5129 2487 5173 secum
2535 5107 2723 5170 XIX
2787 5107 3196 5189 septimanas
3262 5107 3610 5182 laboranti,

411 5217 518 5280 cui
583 5219 919 5281 dabantur
980 5219 1281 5300 qualibet
1341 5219 1717 5301 septimana
1783 5218 1893 5280 IX
1956 5230 2118 5280 scot.
2164 5215 2305 5279 VII
2352 5235 2511 5279 mar.
2568 5225 2702 5278 tres
2766 5214 2951 5288 scoti,
3015 5213 3173 5276 item
3241 5213 3447 5282 alteri,
3496 5213 3612 5296 qui

411 5326 709 5408 quinque
773 5325 1182 5408 septimanas
1247 5325 1594 5399 laborauit,
1641 5325 2132 5406 septimanatim
2184 5325 2411 5386 dando
2459 5323 2671 5386 eciam
2720 5342 2842 5404 per
2890 5321 2999 5383 IX
3046 5330 3209 5384 scot.
3274 5319 3433 5383 facit
3479 5322 3610 5383 due

409 5507 509 5514 —--
540 5508 877 5514 —---..——-—

637 5611 672 5676 ¹)
707 5614 922 5662 Dodano
958 5613 1198 5662 drobnem
1235 5613 1472 5677 pismem:
1513 5611 1590 5660 VI
1628 5613 1739 5676 equi
1779 5610 2174 5675 expedicionales,
2213 5611 2296 5674 qui
2334 5625 2422 5673 per
2454 5609 2658 5656 oeuistas
2694 5614 2805 5656 sunt
2840 5608 3082 5656 destructi.
