4592 6559
1026 489 1148 548 288
1545 498 1924 563 REjESTRA
1975 496 2236 562 STACYJ
2285 497 2575 547 DWORU
2626 485 2891 546 xRoLA
2940 500 2963 546 1
3014 487 3447 564 KRoLowEJ.
3506 507 3686 566 1403·-

1020 701 1196 784 gillis
1243 698 1346 762 III
1393 720 1490 783 gr.
1538 699 1697 762 item
1743 719 1866 781 pro
1913 698 2025 760 HC
2073 719 2379 762 oworum
2429 699 2529 761 ΙΙΙ
2578 699 2761 773 scoti,
2810 700 2971 762 item
3011 719 3132 782 pro
3172 700 3241 762 ΙΙ
3280 701 3429 764 ollis
3466 700 3665 764 butiri
3704 700 3805 764 IV
3832 701 4017 774 scoti,
4053 700 4215 764 item

1023 808 1121 870 VI
1168 827 1510 891 cappones
1556 806 1821 890 proprii,
1867 807 2026 870 item
2074 827 2196 889 pro
2243 806 2396 869 XX
2443 807 2653 870 caseis
2701 807 2847 888 H²l2
2904 808 3089 880 scoti,
3137 807 3299 871 item
3346 828 3469 890 pro
3516 807 3618 870 VI
3664 808 4039 872 octualibus
4076 827 4218 872 cer-

1019 915 1200 991 uisie,
1247 915 1592 998 quodlibet
1639 914 1902 978 octuale
1949 911 2070 997 per
2115 914 2216 976 VI
2264 924 2431 978 scot.
2479 915 2508 976 I
2561 935 2720 978 mar.
2770 915 2915 977 XII
2960 925 3124 978 scot.

1232 1023 1403 1085 Item
1453 1022 1584 1086 dne
1632 1022 1906 1106 Regine
1954 1023 2040 1084 ad
2086 1022 2473 1104 prandium:
2540 1023 2697 1085 item
2746 1042 2955 1105 pecus
3002 1023 3381 1104 proprium;
3446 1023 3606 1087 item
3672 1043 3795 1105 pro
3842 1023 3976 1086 XL
4020 1023 4219 1105 pullis

1018 1130 1093 1193 X
1139 1130 1322 1205 scoti,
1369 1129 1526 1192 item
1576 1149 1696 1211 pro
1743 1149 1948 1212 porco
1995 1128 2097 1190 VI
2145 1128 2328 1203 scoti,
2374 1128 2534 1190 item
2581 1149 2703 1210 pro
2749 1129 2817 1192 II
2864 1129 3046 1194 aucis
3094 1130 3125 1192 I
3172 1139 3333 1193 scot.
3398 1131 3557 1194 item
3614 1151 3738 1212 pro
3784 1131 3860 1193 IC
3910 1151 4213 1195 oworum

1018 1239 1121 1301 III
1168 1259 1267 1322 gr.
1315 1238 1473 1300 item
1519 1257 1644 1319 pro
1689 1237 1765 1298 X
1811 1236 2024 1300 caseis
2070 1236 2137 1298 ΙΙ
2185 1256 2282 1319 gr.
2330 1235 2491 1298 item
2541 1257 2661 1318 pro
2708 1237 2930 1300 butiro
2978 1236 3077 1301 IV
3126 1237 3311 1312 scoti,
3356 1238 3517 1301 item
3564 1238 3632 1301 II
3679 1257 4021 1320 cappones
4064 1259 4215 1320 pro-

1017 1345 1156 1428 prii,
1203 1345 1360 1408 item
1411 1364 1536 1427 pro
1581 1346 1754 1408 lacte
1800 1353 1867 1406 et
1904 1363 2128 1406 crema
2177 1341 2240 1405 II
2289 1343 2473 1417 scoti,
2521 1343 2681 1407 item
2729 1365 2850 1427 pro
2887 1344 2991 1408 ΙΙΙ
3028 1345 3402 1409 octualibus
3440 1344 3715 1408 ceruisie
3754 1344 4002 1408 XVIII
4030 1345 4215 1410 scoti.

1230 1451 1513 1517 Summa
1558 1451 1734 1515 diete
1781 1450 1848 1512 V
1896 1471 2056 1514 mar.
2105 1449 2212 1513 IX
2259 1470 2357 1534 gr.

1229 1560 1399 1623 Item
1447 1568 1807 1642 apparatus
1854 1559 1942 1622 ad
1986 1557 2353 1622 stacionem
2402 1559 2706 1641 superius
2750 1569 3173 1642 prenotatam
3219 1560 3287 1623 in
3334 1561 3619 1645 registro
3668 1561 3995 1643 presenti:
4052 1560 4211 1624 item

1015 1689 1137 1752 pro
1187 1667 1356 1730 VIII
1403 1667 1769 1751 sexagenis
1815 1668 2116 1740 ollarum,
2162 1666 2460 1748 quelibet
2504 1685 2858 1750 sexagena
2901 1687 3022 1748 per
3068 1667 3170 1730 IV
3209 1687 3307 1752 gr.
3355 1667 3512 1731 facit
3549 1666 3726 1731 XVI
3762 1678 4006 1743 scotOS,
4052 1669 4211 1731 item

1013 1797 1136 1859 pro
1182 1774 1285 1838 VI
1329 1774 1691 1858 sexagenis
1734 1773 2182 1848 scutellarum,
2230 1773 2529 1856 quelibet
2573 1793 2813 1858 sexag.
2860 1794 2981 1856 per
3006 1773 3074 1837 V
3105 1795 3205 1858 gr.
3252 1775 3653 1858 recipiendo,
3691 1775 3850 1840 facit
3879 1774 4023 1839 XV
4049 1785 4213 1839 scot.

1012 1883 1172 1946 item
1219 1903 1342 1966 pro
1395 1881 1560 1944 VIII
1609 1881 1861 1955 allueiS,
1908 1881 2184 1963 quilibet
2231 1882 2465 1944 alueus
2509 1900 2630 1961 per
2688 1881 2751 1961 ²l2
2810 1901 2910 1966 gr.
2959 1881 3116 1945 facit
3161 1882 3263 1944 IV
3310 1904 3407 1967 gr.
3467 1883 3627 1947 item
3675 1904 3799 1967 pro
3842 1883 3947 1946 VI
3992 1883 4213 1955 thinis,

1014 1991 1312 2074 quelibet
1356 1991 1540 2053 thina
1587 2010 1707 2071 per
1753 1989 1784 2051 I
1833 2009 1934 2072 gr.
1980 1986 2139 2051 facit
2185 1987 2288 2051 III
2334 2009 2423 2052 sc,
2471 1988 2629 2052 item
2678 2009 2800 2070 pro
2846 1988 2984 2051 VII
3030 1989 3241 2053 doleis
3287 1991 3480 2053 dictis
3534 1989 3907 2075 pmgadkti
3954 1990 4212 2075 quodli-

1013 2102 1131 2162 bet
1174 2118 1297 2182 per
1341 2097 1443 2185 IV
1491 2118 1589 2181 gr.
1635 2109 1736 2160 tot
1780 2095 1939 2160 facit
1986 2095 2129 2158 XV
2175 2107 2337 2159 scot.
2403 2096 2559 2159 item
2624 2116 2747 2178 pro
2811 2096 2915 2159 IV
2960 2097 3143 2159 vrnis
3198 2097 3267 2160 II
3313 2119 3413 2182 gr.
3476 2097 3634 2162 item
3700 2119 3823 2182 pro
3886 2097 4214 2163 licuminis

1012 2204 1186 2269 VIII
1232 2205 1418 2280 scoti,
1481 2205 1639 2268 item
1703 2225 1825 2286 pro
1870 2203 2024 2266 XX
2087 2201 2502 2278 mutralibu5‚
2566 2203 2913 2286 quodlibet
2977 2206 3259 2268 mutrale
3325 2225 3445 2288 per
3498 2205 3601 2268 VI
3663 2207 3814 2269 den.
3878 2204 3982 2268 ΙΠ
4044 2205 4212 2269 scoti

1012 2313 1157 2376 XII
1205 2315 1355 2377 den.

1223 2419 1507 2484 Summa
1552 2429 1914 2502 apparatus
1957 2420 2046 2483 ad
2093 2421 2483 2501 premissam
2532 2419 2897 2483 stacionem
2945 2420 3013 2482 II
3059 2440 3219 2484 mar.
3267 2419 3413 2482 XV
3458 2421 3626 2484 scoti
3673 2420 3817 2484 XII
3863 2420 4013 2484 den.

1225 2527 1509 2592 Summa
1557 2527 1872 2590 stacionis
1918 2526 2287 2590 XXXVII
2336 2547 2495 2590 mar.
2544 2526 2653 2607 I¹l2
2713 2547 2812 2610 gr.

1223 2741 1395 2806 Item
1445 2742 1656 2805 stacio
1701 2740 2213 2805 falconariorum
2263 2761 2304 2804 a
2350 2741 2716 2804 Natiuitate
2780 2761 2829 2804 s,
2879 2741 3093 2806 Marie
3158 2743 3317 2825 (8s9)
3383 2763 3597 2826 usque
3660 2745 3745 2808 ad
3802 2743 4205 2807 dominicam

1011 2849 1209 2916 Oculi
1256 2852 1431 2935 (2l3)·
1477 2850 1722 2936 quibus
1765 2858 1990 2913 tamen
2039 2847 2415 2912 necessaria
2450 2857 2608 2911 sunt
2648 2848 3097 2924 ministranda,
3162 2870 3449 2934 quorum
3508 2861 3699 2916 erant
3727 2851 3881 2925 VII,
3926 2852 4205 2916 totidem

1008 2957 1306 3023 falcones
1351 2978 1472 3022 seu
1519 2977 1698 3020 aues,

1221 3065 1390 3128 Item
1441 3086 1560 3147 per
1607 3064 1768 3127 istas
1813 3064 2103 3128 XXVII
2149 3064 2558 3147 septimanas
2620 3073 2723 3128 tot
2776 3065 3209 3148 exposuimus
3271 3085 3475 3148 super
3538 3065 3831 3150 prefatos
3894 3065 4205 3130 falcones,

1221 3173 1394 3236 Item
1442 3174 1898 3254 comparando
1945 3173 2244 3254 quolibet
2289 3171 2399 3235 die
2447 3191 2683 3234 carnes
2727 3172 2930 3254 prol
2980 3193 3079 3256 gr.
3126 3194 3328 3256 super
3372 3173 3670 3238 falcones
3704 3194 3826 3256 per
3860 3175 4021 3238 istas
4056 3195 4205 3257 sep·

1007 3282 1310 3356 timanaS‚
1355 3290 1457 3343 tot
1503 3280 1661 3342 facit
1709 3279 1810 3343 III
1859 3300 2018 3343 mar.
2065 3279 2287 3343 XXII
2336 3279 2502 3344 scoti
2541 3280 2574 3342 I
2613 3301 2711 3363 gr.

1221 3387 1389 3450 Item
1438 3407 1559 3470 per
1602 3388 1764 3450 istas
1809 3387 2218 3469 septimanas
2265 3389 2724 3470 comparando
2772 3390 3121 3451 columbas
3166 3408 3292 3469 pro
3338 3390 3496 3451 albo
3542 3387 3856 3472 accipitre
3902 3388 4205 3473 quolibet

1005 3498 1114 3560 die
1161 3516 1284 3579 pro
1344 3497 1406 3576 ¹l2
1466 3516 1562 3580 gr.
1609 3505 1712 3558 tot
1757 3494 1916 3558 facit
1961 3494 1993 3557 I
2042 3515 2201 3559 mar.
2248 3495 2471 3559 XXII
2517 3505 2680 3559 scot.
2728 3495 2760 3557 Ι
2808 3516 2907 3579 gr.

1221 3603 1392 3666 Item
1438 3601 1710 3685 prefatis
1754 3601 2119 3666 falconistis
2155 3601 2334 3666 feriis
2372 3603 2625 3685 quartis
2662 3603 2819 3685 ipsis
2856 3604 3074 3684 pisces
3112 3624 3233 3667 seu
3272 3605 3483 3667 alleca
3519 3606 3990 3686 compat-ande,
4038 3623 4201 3685 quo-

1005 3711 1168 3774 libet
1213 3710 1320 3773 die
1364 3730 1489 3792 pro
1537 3709 1604 3772 II
1653 3731 1751 3793 gr.
1799 3719 1899 3773 tot
1944 3709 2101 3772 facit
2146 3709 2177 3771 I
2227 3730 2387 3774 mar.
2436 3709 2538 3772 III
2584 3722 2747 3774 scot.

1217 3818 1390 3883 Item
1437 3816 1708 3899 prefatis
1755 3816 2118 3881 falconistis
2165 3817 2377 3881 eciam
2425 3817 2602 3881 feriis
2648 3817 2859 3882 sextis
2904 3819 3021 3881 tali
3068 3820 3273 3882 modo
3318 3819 3775 3900 comparando
3822 3819 4038 3902 pisces
4082 3839 4198 3882 seu

1005 3928 1216 3990 alleca
1261 3946 1380 4008 per
1424 3925 1586 3988 istas
1630 3925 2054 4006 septimanaS,
2102 3935 2201 3989 tot
2247 3925 2405 3989 facit
2452 3926 2485 3989 I
2534 3946 2695 3989 mar.
2744 3926 2845 3989 III
2892 3935 3054 3989 scot.

1220 4033 1391 4096 Item
1439 4032 1713 4114 prefatis
1756 4032 2121 4097 falconistis
2165 4033 2325 4115 ipsis
2372 4053 2609 4097 carnes
2654 4035 3111 4116 comparando
3157 4035 3455 4117 qualibet
3501 4034 3877 4116 septimana
3930 4055 4055 4117 pro
4104 4033 4197 4096 VI

1005 4152 1168 4205 scot.
1214 4160 1497 4224 quarum
1548 4150 1705 4204 sunt
1751 4139 2028 4216 XXIV,
2075 4150 2176 4206 tot
2219 4139 2380 4204 facit
2426 4140 2528 4203 IV
2574 4161 2736 4205 mar.
2783 4141 3031 4204 XVIII
3080 4154 3241 4206 scot.

1219 4248 1390 4310 Item
1439 4247 1710 4330 prefatis
1755 4248 2118 4311 falconistis
2181 4257 2284 4311 tot
2340 4249 2774 4331 exposuimus
2838 4249 2997 4331 ipsis
3061 4251 3515 4331 comparando
3578 4249 4019 4313 calciamenta
4080 4269 4197 4312 seu

1007 4376 1242 4419 ocreas
1287 4354 1456 4418 infra
1500 4365 1601 4418 tot
1647 4356 2036 4438 septimanis
2083 4355 2262 4418 XIV
2310 4357 2493 4420 scoti.

1223 4463 1389 4527 Item
1437 4461 1712 4544 prefatis
1757 4461 2120 4526 falconistis
2165 4483 2372 4545 super
2417 4463 2594 4526 viam
2644 4483 2879 4527 versus
2934 4462 3179 4538 Kalzivz,
3244 4465 3516 4546 quando
3578 4465 4049 4547 equitauerunt
4112 4466 4191 4527 ad

1005 4573 1216 4634 dnum
1263 4571 1560 4654 Regem,
1605 4568 1750 4631 XII
1797 4590 1888 4634 se.

1221 4679 1390 4741 Item
1437 4697 1560 4760 pro
1608 4676 1858 4739 eisdem
1905 4674 2270 4741 falconistis
2318 4681 2496 4759 apud
2545 4678 2909 4754 Piwonam,
2976 4678 3133 4761 quia
3196 4678 3285 4741 ibi
3333 4679 3803 4762 obligauerant
3847 4679 4045 4743 vadia
4090 4700 4193 4742 su-

1005 4785 1260 4870 perflue
1305 4785 1688 4868 recipiendo
1735 4785 2082 4849 ceruisiam
2131 4785 2288 4866 ipsis
2336 4788 2420 4849 ad
2467 4786 2835 4869 potandum
2884 4796 3105 4869 preter
3149 4795 3447 4850 nostram
3496 4787 3851 4871 propriam.

1217 4895 1388 4957 Item
1437 4892 1709 4975 prefatis
1754 4890 2116 4956 falconistis
2161 4893 2287 4954 ista
2334 4894 2557 4956 omnia
2600 4893 2956 4958 habuimus
3001 4895 3303 4976 propria:
3368 4894 3603 4976 pisum,
3670 4894 3960 4968 mileum,
4016 4915 4193 4976 cepe,

1004 5003 1120 5078 sal,
1166 5021 1482 5084 papauer,
1529 5000 1876 5063 ceruisiam
1923 5010 1993 5064 et
2039 5001 2170 5064 alia
2213 5001 2298 5062 de
2346 5000 2605 5064 allodiis
2652 5022 2918 5084 semper
2963 5003 3306 5065 dabamus,

1217 5108 1501 5172 Summa
1546 5116 1686 5170 tote
1730 5107 2042 5171 stacionis
2088 5111 2188 5172 tot
2233 5106 2391 5172 facit
2436 5109 2501 5171 in
2551 5109 2902 5172 distributa
2949 5107 3127 5171 XIV
3175 5128 3336 5172 mar.
3386 5107 3561 5171 XIV
3608 5118 3771 5172 scot.
3819 5109 3927 5190 ΙΙΙΩ
3988 5130 4089 5193 gr.

1218 5215 1387 5278 Item
1437 5215 1564 5278 alia
1609 5215 1918 5298 exposita
1963 5235 2162 5297 super
2209 5215 2597 5279 mandatum
2648 5215 2762 5278 dni
2808 5215 3030 5298 Regis
3078 5236 3338 5280 necnon
3386 5236 3509 5298 pro
3546 5214 3795 5280 familia
3840 5217 4039 5280 castri
4076 5237 4193 5280 seu

1004 5323 1090 5386 ad
1136 5322 1468 5406 prefatum
1506 5330 1799 5385 castrum
1846 5321 2287 5404 pertinencia:

1215 5430 1375 5493 item
1423 5451 1546 5512 pro
1591 5428 1894 5492 familiari
1941 5429 2055 5492 dni
2101 5429 2324 5512 Regis
2387 5430 2567 5493 dicto
2632 5429 2941 5512 Krupka‚
3005 5431 3225 5513 ipsum
3291 5431 3377 5495 de
3440 5432 3739 5514 hospicio
3803 5431 4193 5496 redimendo

1003 5541 1183 5624 apud
1229 5537 1522 5604 Scodam
1570 5538 1785 5601 ciuem
1831 5537 2026 5601 Noue
2074 5537 2378 5616 ciuitati5‚
2425 5537 2571 5600 XII
2618 5539 2801 5614 scoti,
