4592 6559
1005 427 1042 486 5
1051 409 1134 486 56
1233 418 1607 483 REJESTRA
1661 406 2087 480 waexTRoBru
2134 420 2795 484 WIELKORZADZCY
2848 421 3505 472 KRAKOWSKIEGO.
3563 428 3745 488 1420,
3804 411 3990 486 1418.

1220 621 1390 682 Item
1449 631 1770 683 secuntur
1832 622 2188 684 distributa
2249 642 2597 684 cursorum
2664 625 2749 686 ad
2814 624 3159 686 dominum
3224 623 3498 706 Regem
3563 643 3687 705 pro
3752 622 4200 704 expediendis.

1005 729 1180 792 Item
1227 749 1350 810 pro
1397 748 1537 792 vno
1583 749 1782 811 eque,
1827 729 1892 791 in
1941 751 2078 813 quo
2126 731 2272 793 misi
2318 729 2643 792 famulum
2686 751 2907 793 meum
2948 732 3034 792 ad
3074 729 3421 816 Poloniam
3461 751 3549 793 ex
3586 732 3908 793 mandato
3953 729 4201 793 domini

1007 837 1248 921 Regis,
1293 836 1450 918 quia
1498 837 1812 900 dominus
1861 838 2025 900 Rex
2070 838 2333 920 scripsit
2378 840 2466 900 ad
2512 859 2640 911 me,
2704 839 3031 900 mandans
3096 838 3274 911 mihi,
3341 847 3413 900 ut
3459 838 3599 900 eius
3646 837 4004 901 Serenitati
4050 836 4201 900 scri-

1005 945 1256 1018 berem,
1306 964 1437 1026 que
1483 944 1880 1025 scripseram
1930 945 2081 1007 duci
2147 965 2402 1028 magno
2452 945 2840 1020 Lithwanie‚
2907 945 3021 1028 qui
3066 965 3279 1026 equus
3326 945 3389 1007 in
3441 947 3678 1008 eadem
3727 946 3837 1008 via
3881 957 3987 1008 est
4032 965 4201 1007 mor-

1007 1065 1182 1126 tuuS‚
1228 1051 1528 1134 quinque
1575 1071 1738 1114 mar.
1786 1053 1942 1114 item
1993 1073 2116 1135 pro
2163 1053 2481 1134 expensis
2528 1055 2744 1116 eidem
2794 1053 3045 1116 famulo
3093 1073 3228 1115 vna
3274 1074 3435 1117 mar.

1223 1159 1395 1221 Item
1462 1179 1583 1241 pro
1647 1160 1967 1242 expensis
2031 1159 2287 1223 famulo
2350 1181 2504 1222 meo
2568 1161 2855 1242 propri0‚
2921 1181 3121 1242 quem
3192 1159 3339 1224 misi
3401 1161 3487 1224 ad
3536 1162 3879 1224 dominum
3930 1160 4199 1244 Regem

1007 1266 1410 1342 Lanciciam,
1455 1267 1824 1331 nunccians
1870 1268 2013 1330 eius
2079 1267 2437 1332 Serenitati
2487 1317 2813 1330 ......
2880 1278 2948 1330 et
2994 1268 3123 1330 alia
3169 1270 3347 1331 bona
3412 1289 3545 1351 pye
3594 1267 3912 1331 memorie
3958 1267 4201 1332 domini

1009 1375 1260 1458 Donyn
1307 1374 1832 1458 vicecancellarij
1883 1373 2154 1438 fuerunt
2200 1397 2513 1457 possessa
2556 1396 2677 1457 per
2720 1397 2826 1437 me
2865 1387 2934 1438 et
2972 1387 3207 1456 petens
3252 1375 3589 1438 informari
3636 1397 3677 1440 a
3724 1375 4203 1440 Dominacione

1009 1483 1168 1557 eius
1216 1484 1397 1565 quod
1443 1481 1666 1545 facere
1713 1485 2032 1545 deberem
2080 1504 2235 1546 cum
2284 1484 2555 1556 eisdem,
2603 1495 2742 1546 tres
2788 1482 3100 1546 fertones,

1225 1590 1398 1653 Item
1447 1590 1752 1653 Zewrido
1799 1589 2124 1673 equitanti
2171 1592 2258 1652 ad
2305 1591 2653 1653 dominum
2721 1591 2995 1674 Regem
3063 1591 3349 1653 Rusiam
3415 1591 3480 1653 in
3528 1590 3709 1654 facto
3753 1590 4203 1653 destitucionis

1006 1699 1071 1762 N
1073 1697 1186 1781 erij
1236 1699 1324 1760 de
1369 1698 1618 1780 zuppiS‚
1664 1707 1827 1760 tunc
1872 1717 1961 1760 ex
2011 1699 2330 1762 mandato
2376 1697 2627 1763 domini
2689 1697 3018 1780 capitanei
3082 1719 3205 1780 pro
3252 1698 3567 1780 expensis
3630 1699 3787 1762 dedi
3830 1717 4036 1761 vnum
4085 1696 4202 1760 fer-

1006 1818 1258 1869 tonem.

1223 1912 1395 1975 Item
1445 1912 1809 1995 Cholyewe
1856 1914 2082 1976 literas
2138 1915 2224 1976 ad
2270 1913 2337 1977 S
2320 1911 2515 1997 ῥίς-εὴ
2560 1911 2801 1975 ferenti
2866 1915 3135 1996 regales
3180 1912 3422 1975 Comiti
3486 1912 3667 1976 XIII
3732 1912 4075 1975 ciuitatum
4122 1912 4201 1974 ad

1009 2021 1404 2084 mandatum
1453 2019 1898 2092 dominorum,
1943 2032 2104 2084 tunc
2141 2041 2347 2103 super
2383 2021 2651 2083 racione
2690 2020 2873 2103 Nerij
2912 2020 3297 2082 sedencium
3345 2019 3411 2082 in
3460 2021 3666 2083 domo
3712 2019 3965 2084 domini
4003 2019 4202 2082 archi-

1009 2128 1326 2211 episcopi,
1375 2128 1532 2192 dedi
1578 2127 1796 2190 eidem
1845 2148 1968 2210 pro
2015 2129 2335 2210 expensis
2378 2141 2517 2191 tres
2562 2127 2875 2190 fertoneS.

1225 2235 1401 2298 Item
1449 2234 1701 2298 Iacobo
1747 2255 1902 2297 meo
1947 2234 2256 2298 familiari
2313 2255 2467 2298 cum
2516 2235 2723 2298 literis
2789 2237 2877 2298 ad
2922 2235 3267 2298 dominum
3318 2235 3593 2318 Regem
3644 2254 3879 2297 uersus
3926 2233 4208 2296 Caschu·

1015 2344 1192 2409 biam
1243 2342 1408 2406 feria
1453 2343 1661 2406 tercia
1705 2353 1859 2424 post
1905 2342 2136 2405 ludica
2183 2342 2527 2425 equitanti,
2564 2345 2651 2406 ad
2689 2363 3027 2425 expensas
3072 2343 3242 2416 dedi,
3291 2341 3711 2424 requirendO,
3757 2341 3872 2403 vbi
3908 2341 4212 2412 Rutenis,

1013 2471 1188 2533 quos
1235 2450 1302 2512 in
1351 2448 1850 2534 Nyepolomicze
1901 2450 2122 2513 iacere
2169 2450 2533 2524 dimiserat,
2599 2470 2884 2532 quorum
2932 2449 3159 2513 XXX
3208 2449 3494 2522 fuerunt,
3542 2449 3818 2511 obviare
3862 2448 3987 2511 sibi
4033 2467 4211 2511 man-

1014 2559 1292 2633 dauerit,
1337 2569 1474 2620 tres
1518 2556 1832 2622 fertones.

1231 2666 1404 2729 Item
1451 2665 1734 2729 Iohanni
1780 2668 1866 2730 de
1913 2664 2315 2730 Radziborza
2362 2666 2688 2748 equitanti
2734 2667 2823 2729 ad
2860 2666 3206 2729 dominum
3256 2666 3530 2750 Regem
3579 2686 3668 2727 ex
3714 2675 3906 2746 parte
3952 2664 4213 2726 domine

1019 2774 1316 2860 Regine,
1363 2776 1640 2857 quando
1691 2774 2032 2836 Zewrzido
2078 2774 2509 2847 irascebatur,
2554 2787 2717 2836 tunc
2764 2794 2885 2857 pro
2932 2773 3250 2855 expensis
3297 2773 3515 2835 eidem
3561 2772 3673 2834 IX
3718 2784 3881 2835 scot.

1231 2881 1406 2944 Item
1453 2881 1671 2966 Cigan
1720 2901 1876 2944 cum
1923 2881 2130 2944 literis
2176 2881 2447 2945 domine
2517 2881 2792 2964 Regine
2837 2881 3146 2964 sequenti
3193 2879 3619 2944 Climkonem
3668 2900 3903 2943 versus
3951 2879 4209 2942 Lithua-

1015 2988 1198 3052 niam
1243 3010 1368 3071 pro
1413 2989 1751 3072 expensiS,
1796 2988 1964 3052 seria
2007 2999 2206 3052 sexta
2269 2989 2339 3051 in
2402 2989 2693 3051 crastino
2756 2987 3241 3072 Concepcionis
3288 2988 3509 3072 (9l12),
3574 3007 3779 3069 quem
3826 3003 4071 3069 quarta
4112 2985 4211 3048 die

1017 3096 1284 3182 fugauit
1327 3097 1394 3159 in
1441 3096 1760 3168 Brzescze‚
1811 3096 1922 3160 IX
1966 3107 2132 3160 scot.

1233 3202 1520 3268 Summa
1563 3205 1760 3268 huius
1805 3204 1978 3268 Vm
2025 3225 2188 3267 mar.
2235 3204 2383 3267 XII
2428 3204 2615 3268 scoti.

2440 3475 2819 3578 (1418).

1237 3684 1557 3770 Sequitur
1620 3686 1973 3770 expedicio
2035 3687 2442 3750 canistarum
2510 3686 2961 3750 Mediolanen.
3024 3699 3094 3749 et
3158 3706 3380 3750 curcze
3422 3687 3489 3748 in
3538 3684 3995 3760 Radoschicze,
4042 3705 4209 3746 anno

1026 3791 1321 3858 XV1110.

1239 3901 1411 3964 Item
1459 3911 1779 3965 secuntur
1826 3901 2180 3964 distributa
2223 3922 2347 3983 pro
2396 3901 2761 3964 vesticione
2819 3901 3241 3974 canistarum‚
3288 3900 3659 3963 iacenciurn
3705 3900 3771 3962 in
3820 3898 4081 3983 allodijs
4125 3921 4216 3962 re·

1026 4007 1311 4092 galibuS,
1357 4019 1424 4071 et
1469 4009 1686 4090 primo
1751 4010 1838 4070 de
1887 4005 2324 4071 Proschom'ce
2369 4009 2434 4070 in
2503 4007 2943 4071 Radoschiczc
2987 4008 3475 4092 equitantibus:
3540 4007 3700 4070 item
3766 4007 4049 4071 Iohanni
4096 4007 4215 4070 Bo-

1024 4117 1228 4178 hemo
1273 4135 1396 4197 pro
1444 4115 1517 4177 X
1564 4115 1738 4177 vlnis
1785 4116 1988 4196 panni
2036 4115 2387 4190 terrestris,
2435 4116 2805 4197 quamlibet
2852 4117 3079 4178 vlnam
3128 4137 3248 4198 per
3294 4126 3583 4198 quatuor
3630 4135 3729 4199 gr.
3776 4115 3842 4178 in
3891 4125 4035 4178 toto
4072 4113 4219 4177 facit

1026 4221 1178 4286 XX
1225 4233 1388 4285 scot.
1435 4222 1596 4285 item
1647 4243 1768 4304 pro
1815 4223 2040 4304 iopula
2105 4223 2325 4286 eidem
2391 4223 2675 4285 Iohanni
2724 4222 2865 4284 XII
2912 4244 3001 4286 se.
3048 4224 3209 4286 item
3262 4223 3585 4306 Byalconi
3634 4222 3886 4286 caniste
3933 4233 4088 4285 octo
4131 4223 4219 4283 vl·

1026 4350 1150 4392 nas
1197 4329 1397 4412 panni
1461 4349 1581 4412 per
1643 4341 1935 4411 quatuor
1979 4351 2078 4413 gr.
2143 4330 2208 4391 in
2266 4341 2411 4392 toto
2458 4329 2615 4392 facit
2662 4329 2839 4392 XVI
2886 4351 2975 4394 se.
3040 4333 3198 4394 item
3248 4351 3369 4412 pro
3434 4331 3659 4412 iopula
3725 4330 3869 4392 XII
3914 4351 4005 4392 se.
4069 4330 4219 4393 item

1026 4436 1280 4500 famulo
1327 4437 1648 4500 Iohannis
1695 4437 1980 4500 Bohemi
2038 4448 2192 4500 octo
2241 4439 2435 4499 vlnas
2482 4437 2685 4519 panni
2730 4459 2851 4520 per
2894 4450 3031 4500 tres
3078 4459 3377 4522 grossos,
3440 4438 3505 4498 in
3557 4447 3699 4500 toto
3745 4436 3903 4499 facit
3947 4437 4092 4498 XII
4136 4457 4220 4499 sc.

1026 4545 1186 4606 item
1245 4543 1311 4605 in
1355 4543 1421 4606 S
1417 4542 1792 4628 chlommky
1855 4545 2069 4626 primo
2117 4545 2465 4608 Michasch
2532 4545 2801 4618 caniste‚
2868 4547 2981 4627 qui
3044 4545 3231 4610 fouet
3296 4546 3601 4618 valtere5‚
3667 4544 3740 4606 X
3787 4546 3983 4607 vlnas
4024 4544 4217 4626 panni

1033 4671 1152 4734 per
1198 4661 1486 4733 quatuor
1531 4673 1630 4736 gr.
1681 4651 1828 4714 XX
1877 4663 2040 4714 scot.
2087 4651 2247 4714 item
2295 4672 2419 4733 pro
2464 4673 2599 4715 vna
2644 4654 2869 4734 iopula
2916 4652 3057 4715 XII
3105 4665 3267 4716 scot.
3330 4652 3486 4715 item
3536 4651 3817 4726 Coczeli,
3882 4651 3997 4734 qui
4042 4649 4223 4713 fouet

1029 4778 1230 4820 canes
1297 4761 1599 4822 vrsuales
1645 4758 1808 4820 alias
1875 4779 2116 4828 careae,
2165 4759 2239 4820 X
2289 4760 2483 4821 vlnas
2544 4759 2747 4840 panni
2811 4780 2930 4842 per
2982 4770 3271 4843 quatuor
3315 4780 3413 4843 gr.
3480 4779 3612 4842 que
3674 4757 3928 4820 faciunt
3972 4758 4039 4820 in
4087 4769 4220 4819 toto

1029 4864 1180 4927 XX
1228 4877 1390 4928 scot.
1453 4866 1612 4928 item
1661 4887 1782 4947 pro
1831 4867 2052 4947 iopula
2101 4865 2243 4928 XII
2291 4878 2457 4928 scot.
2502 4867 2659 4928 item
2710 4865 2964 4930 famulo
3030 4867 3377 4930 Michasch
3422 4875 3577 4928 octo
3624 4867 3815 4928 vlnas
3860 4865 4065 4948 panni
4108 4883 4221 4947 per

1029 4982 1166 5036 tres
1211 4993 1389 5056 gros,
1438 4972 1580 5035 XII
1627 4989 1790 5036 scot.

1244 5080 1414 5142 Item
1463 5081 1527 5142 in
1579 5079 2004 5165 AVepolomicc
2067 5081 2383 5144 Daniloni
2430 5081 2685 5144 caniste
2750 5093 2903 5144 octo
2948 5083 3143 5144 vlnas
3190 5081 3392 5164 panni
3436 5101 3560 5163 per
3602 5091 3891 5163 quatuor
3937 5099 4217 5164 grossos

1029 5186 1208 5249 XVI
1253 5201 1417 5250 scot.

1243 5293 1529 5358 Summa
1573 5297 1662 5358 ab
1708 5297 1836 5358 alia
1883 5315 2148 5358 summa
2193 5295 2354 5358 facit
2398 5295 2497 5358 VI
2547 5317 2709 5359 mar.
2755 5296 2907 5358 XX
2954 5308 3117 5359 scot.
3144 5295 3205 5376 ¹).

1249 5580 1286 5645 ¹)
1323 5583 1462 5646 Nizej
1501 5583 1740 5631 drobncm
1777 5585 2014 5647 pismem:
2052 5583 2258 5632 Summa
2293 5599 2595 5632 summarum
2632 5585 3005 5648 prescriptorum
3040 5584 3153 5636 sade
3188 5583 3231 5632 C
3266 5583 3435 5647 uiginti
3473 5585 3605 5632 VIII
3638 5599 3760 5632 mar.
3798 5583 3853 5632 11
3889 5591 4007 5632 scot.
