4592 6559
969 522 1092 595 248
1618 529 1994 594 REJESTRA
2047 529 2561 590 PODRZQCTWA
2612 517 3268 578 KORCZYNSKIEGO.
3328 536 3510 594 1394·

961 751 1084 813 pro
1131 731 1198 792 ΙΙ
1246 731 1428 793 aucis
1476 730 1577 793 III
1625 741 1840 812 quart.
1889 751 2011 812 pro
2059 730 2193 792 XL
2239 731 2438 811 pullis
2485 731 2628 792 XII
2644 731 2705 810 ¹l2
2764 731 2949 804 scoti,
2996 750 3117 811 pro
3165 728 3278 793 CL
3335 730 3477 792 ouis
3525 730 3590 793 II
3638 731 3807 793 scoti
3873 731 3904 792 I
3952 741 4164 813 quart.

961 858 1083 920 pro
1129 838 1274 901 XII
1319 838 1532 900 caseis
1579 838 1680 900 III
1729 858 1826 920 gr.
1874 858 1998 919 pro
2047 838 2178 900 olla
2226 837 2425 900 butiri
2473 838 2539 900 II
2586 838 2770 910 scoti,
2836 857 2958 918 pro
3022 839 3195 900 lacte
3261 848 3328 899 et
3374 858 3599 900 crema
3646 837 3825 917 ΠΗ]2
3884 859 3984 920 gr.
4042 858 4164 919 pro

957 955 1148 1008 aceto
1197 946 1228 1007 I
1277 966 1373 1028 gr.
1421 966 1544 1026 pro
1591 945 1748 1026 piris
1793 955 1860 1006 et
1909 945 2190 1008 nucibus
2237 945 2341 1006 III
2390 965 2489 1028 gr.
2538 965 2658 1026 pro
2698 944 2765 1006 II
2805 945 3179 1008 octualibus
3218 945 3497 1007 ceruisie
3536 944 3715 1007 XIV
3744 946 3929 1018 scoti,
3976 946 4165 1028 equis

959 1053 1260 1134 utrisque
1306 1073 1522 1115 auene
1590 1053 1663 1114 X
1713 1072 1918 1114 menS.
1983 1051 2212 1114 fenum
2279 1061 2347 1113 et
2414 1051 2721 1135 gramina
2784 1051 3052 1115 fuerunt
3116 1053 3411 1133 propria,
3475 1052 3729 1114 lumina
3794 1065 3863 1115 et
3927 1073 4161 1134 sepum

960 1159 1185 1222 omnia
1230 1159 1514 1242 propria.

1173 1267 1457 1330 Summa
1505 1268 1634 1329 diei
1683 1267 1860 1331 XIII
1910 1286 2070 1330 mar.
2120 1266 2220 1328 VI
2268 1267 2435 1329 scoti
2484 1265 2585 1328 IV
2635 1269 2784 1329 den.

1177 1375 1372 1436 Feria
1418 1373 1520 1436 IV
1568 1375 1769 1458 (26s8)
1819 1377 1954 1438 dno
2003 1373 2192 1456 Regi
2239 1375 2327 1436 ad
2374 1375 2761 1456 prandium:
2829 1395 2950 1456 pro
3014 1374 3307 1456 piscibus
3354 1375 3385 1436 I
3433 1395 3596 1438 mar.
3644 1374 3744 1436 VI
3792 1376 3976 1449 scoti,
4042 1396 4163 1457 pro

959 1482 1217 1545 cancris
1266 1481 1368 1543 III
1416 1493 1628 1563 quart.
1677 1503 1797 1564 pro
1847 1482 1898 1544 C
1949 1481 2094 1543 ouis
2143 1481 2244 1543 III
2294 1501 2393 1563 gr.
2453 1502 2575 1562 pro
2622 1481 2909 1545 LXXX
2956 1482 3166 1544 caseis
3213 1482 3321 1544 IX
3370 1483 3551 1556 scoti,
3617 1502 3740 1565 pro
3787 1485 3921 1546 olla
3965 1483 4165 1546 butiri

958 1589 1025 1650 V
1073 1610 1171 1673 gr.
1219 1609 1342 1670 pro
1389 1591 1562 1651 lacte
1611 1601 1678 1652 et
1727 1609 1954 1652 crema
2015 1589 2079 1650 II
2129 1588 2313 1662 scoti,
2388 1608 2511 1670 pro
2578 1599 2769 1650 aceto
2837 1589 2937 1651 III
3002 1601 3213 1672 quart.
3279 1610 3401 1671 pro
3466 1591 3744 1652 ceruisia
3808 1592 3893 1652 ad
3942 1611 4164 1654 casea-

957 1707 1094 1759 tam
1144 1697 1243 1758 III
1293 1708 1506 1778 quart.
1554 1718 1676 1778 pro
1724 1697 2008 1759 nucibus
2055 1707 2122 1758 et
2168 1696 2641 1758 cucumeribus
2689 1696 2791 1758 III
2839 1705 3048 1778 quart.
3117 1717 3238 1777 pro
3288 1697 3389 1758 III
3448 1698 3823 1760 octualibus
3888 1697 4164 1760 ceruisie

958 1805 989 1866 Ι
1039 1825 1198 1867 mar.
1245 1805 1436 1886 panis
1483 1805 1763 1888 siliginis
1813 1814 1878 1866 et
1925 1803 2118 1867 albus
2164 1803 2489 1885 proprius.

1169 1912 1324 1975 Dne
1370 1912 1647 1995 Regine
1695 1914 1781 1973 ad
1829 1911 2222 1993 prandium:
2289 1931 2411 1992 pro
2460 1911 2751 1991 piscibus
2798 1912 2835 1998 I
2878 1932 3037 1974 mar.
3095 1912 3201 1974 IX
3252 1932 3351 1995 gr.
3416 1933 3540 1994 pro
3587 1912 3844 1974 cancris
3890 1911 3957 1972 V
4004 1931 4162 1975 mar.

957 2019 1023 2081 II
1071 2020 1219 2082 den.
1266 2039 1390 2100 pro
1437 2019 1581 2080 IVC
1633 2019 1778 2082 ouis
1825 2018 1926 2080 VI
1973 2018 2160 2092 scoti,
2228 2039 2353 2100 pro
2400 2018 2533 2080 LX
2583 2019 2792 2081 caseis
2838 2018 2975 2081 VII
3040 2019 3206 2083 scoti
3271 2018 3370 2081 IV
3418 2022 3567 2082 den.
3624 2040 3746 2100 pro
3793 2019 4017 2082 butiro
4064 2019 4164 2081 IV

955 2127 1138 2198 scoti,
1189 2147 1308 2208 pro
1357 2128 1529 2188 lacte
1577 2138 1644 2188 et
1692 2147 1917 2188 crema
1964 2125 2032 2187 II
2081 2126 2264 2198 scoti,
2315 2147 2436 2207 pro
2484 2137 2673 2189 aceto
2722 2126 2753 2187 I
2802 2147 2897 2209 gr.
2946 2147 3069 2208 pro
3114 2126 3398 2189 nucibus
3446 2137 3511 2188 et
3558 2127 3879 2207 prunellis
3926 2127 4029 2188 III
4066 2148 4164 2210 gr.

955 2253 1076 2315 pro
1125 2233 1269 2314 II¹s2
1329 2233 1574 2295 octuali
1623 2233 1900 2296 ceruisie
1941 2233 2154 2296 XVII
2175 2235 2233 2312 ¹5³2
2295 2234 2481 2308 scoti,
2528 2233 2720 2315 panis
2766 2253 3033 2314 semper
3078 2234 3398 2315 proprius.
3484 2234 3641 2315 Ipso
3690 2233 3796 2296 die
3862 2255 3985 2316 pro
4034 2234 4163 2296 XL

955 2341 1103 2403 ollis
1170 2343 1255 2402 ad
1322 2342 1678 2423 coquinam
1744 2340 1846 2403 III
1896 2362 1992 2424 gr.
2059 2361 2181 2422 pro
2227 2340 2415 2403 vitris
2484 2341 2551 2402 II
2616 2342 2801 2410 scoti,
2867 2361 2989 2423 pro
3054 2341 3337 2404 olliculis
3400 2342 3487 2402 ad
3550 2341 3919 2404 bibendum
3985 2341 4016 2402 Ι
4064 2362 4161 2424 gr.

957 2446 1056 2510 IV
1106 2450 1255 2510 den.

1171 2555 1344 2618 Duci
1393 2553 1817 2639 Scargelloni
1864 2556 1930 2618 in
1978 2556 2224 2636 paratis
2272 2556 2339 2617 II
2387 2575 2548 2618 mar.

1170 2664 1325 2725 Dno
1375 2662 1703 2725 Dimetrio
1752 2662 1816 2724 in
1865 2663 2113 2745 paratis
2161 2663 2271 2725 XI
2321 2684 2418 2744 gr.

1168 2770 1324 2832 Dno
1373 2770 1561 2853 Regi
1609 2772 1694 2832 ad
1742 2790 2011 2832 cenam:
2078 2791 2199 2852 pro
2267 2770 2561 2850 piscibus
2609 2771 2787 2833 XIII
2834 2771 3018 2844 scoti,
3084 2791 3205 2852 pro
3253 2771 3305 2834 C
3353 2772 3498 2835 ouis
3545 2771 3644 2833 IV
3694 2793 3791 2856 gr.
3856 2793 3981 2854 pro
4028 2771 4159 2834 LX

954 2879 1164 2941 caseis
1212 2878 1313 2940 VI
1329 2879 1391 2958 ¹s'2
1448 2879 1635 2951 scoti,
1701 2898 1822 2959 pro
1870 2877 1937 2939 II
1984 2877 2132 2939 ollis
2176 2877 2381 2940 butiri
2429 2877 2494 2939 II
2542 2878 2727 2952 scoti,
2792 2899 2914 2960 pro
2982 2879 3181 2940 mileo
3240 2879 3341 2940 III
3389 2900 3485 2962 gr.
3534 2880 3636 2941 VI
3685 2881 3838 2942 den.
3904 2899 4027 2962 pro
4090 2879 4158 2940 II

954 2985 1328 3048 octualibus
1376 2985 1653 3047 ceruisie
1699 2985 1878 3047 XIV
1929 2985 2112 3056 scoti,
2160 2985 2353 3067 panis
2400 2985 2721 3067 proprius,

1167 3092 1319 3154 Dne
1368 3092 1644 3175 Regine
1692 3094 1777 3155 ad
1825 3113 2097 3155 cenam:
2163 3113 2284 3174 pro
2353 3092 2647 3174 piscibus
2712 3093 2931 3173 X111l2
2990 3093 3173 3166 scoti,
3240 3113 3362 3174 pro
3429 3093 3573 3155 IVC
3622 3093 3766 3155 ouis
3815 3092 3915 3154 VI
3971 3093 4155 3166 scoti,

951 3220 1074 3281 pro
1122 3199 1178 3260 L
1223 3199 1434 3262 caseis
1481 3198 1582 3260 VI
1629 3199 1811 3273 scoti,
1877 3219 1998 3281 pro
2047 3199 2112 3261 II
2161 3200 2308 3261 ollis
2355 3201 2554 3262 butiri
2602 3200 2702 3261 III
2752 3201 2935 3274 scoti,
2980 3220 3103 3281 pro
3152 3201 3353 3262 mileo
3401 3200 3503 3262 III
3519 3200 3581 3280 ¹s2
3641 3220 3739 3284 gr.
3804 3220 3928 3282 pro
3975 3200 4155 3262 nuci-

952 3309 1080 3368 bus
1127 3319 1194 3368 et
1239 3305 1398 3388 piris
1444 3307 1546 3369 III
1593 3328 1691 3390 gr.
1739 3327 1862 3388 pro
1912 3306 2055 3386 II¹l2
2115 3307 2360 3369 octuali
2407 3307 2685 3370 ceruisie
2733 3305 2946 3370 XVII
2964 3309 3024 3388 ιβ,
3083 3317 3243 3370 scot.
3300 3327 3424 3388 pro
3471 3307 3897 3370 licuminibus
3946 3306 4009 3367 V
4058 3327 4156 3390 gr.

950 3414 1141 3496 equis
1185 3413 1532 3497 regalibus
1579 3423 1646 3475 et
1691 3413 2101 3496 reginalibus
2150 3434 2364 3475 auene
2411 3413 2485 3475 X
2534 3434 2741 3476 mens,
2790 3414 3019 3477 fenum
3068 3424 3135 3477 et
3182 3415 3488 3498 gramina
3534 3416 3817 3497 propria.

1165 3519 1452 3584 Summa
1497 3520 1625 3583 diei
1674 3520 1817 3582 XII
1867 3541 2025 3584 mar.
2076 3521 2176 3582 III
2225 3541 2408 3603 quar.

1165 3627 1362 3690 Feria
1409 3627 1477 3689 V
1525 3627 1727 3708 (27s8)
1777 3631 1911 3690 dno
1961 3629 2145 3712 Regi
2194 3630 2280 3690 ad
2330 3629 2721 3710 prandium:
2770 3649 2891 3710 pro
2938 3629 2969 3690 I
3016 3631 3193 3692 boue
3243 3629 3457 3691 XVII
3496 3630 3661 3692 scoti
3708 3629 3740 3691 I
3781 3651 3880 3714 gr.
3926 3649 4049 3711 pro
4086 3630 4152 3692 II

949 3735 1254 3798 castratis
1301 3735 1438 3798 VII
1485 3733 1670 3806 scoti,
1719 3755 1839 3816 pro
1887 3756 2096 3818 perna
2139 3735 2313 3798 lardi
2359 3735 2460 3798 VI
2508 3736 2692 3810 scoti,
2730 3756 2853 3817 pro
2900 3736 2966 3798 II
3006 3737 3264 3820 sug-illis
3299 3737 3368 3798 II
3406 3737 3588 3810 scoti,
3636 3756 3757 3817 pro
3795 3737 3930 3798 XL
3959 3736 4152 3818 pullis

953 3843 1094 3904 XII
1113 3843 1172 3922 ¹s2
1231 3843 1419 3915 scoti,
1468 3863 1590 3924 pro
1640 3843 1692 3906 C
1740 3844 1886 3905 ouis
1933 3843 2035 3906 ΙΙΙ
2084 3863 2183 3927 gr.
2248 3863 2374 3925 pro
2420 3842 2523 3905 VI
2570 3844 2781 3906 caseis
2829 3843 2929 3905 III
2977 3854 3187 3925 quart.
3253 3865 3373 3926 pro
3422 3845 3555 3906 olla
3607 3843 3809 3906 butiri
3857 3844 3922 3905 II
3969 3843 4151 3917 scoti,

951 3971 1072 4031 pro
1119 3952 1292 4012 lacte
1341 3963 1410 4012 et
1455 3971 1679 4012 crema
1725 3950 1789 4012 ΙΙ
1840 3951 2023 4025 scoti,
2071 3971 2194 4032 pro
2240 3960 2433 4013 aceto
2480 3949 2514 4014 I
2561 3970 2658 4034 gr.
2706 3971 2827 4032 pro
2874 3951 3029 4032 piris
3078 3963 3145 4014 et
3190 3951 3596 4032 petrozelino
3644 3950 3675 4011 I
3725 3971 3823 4034 gr.
3881 3971 4002 4033 pro
4049 3951 4148 4013 III

952 4059 1329 4120 octualibus
1376 4058 1654 4120 ceruisie
1702 4058 1888 4121 XXI
1936 4059 2117 4133 scoti,
2165 4059 2357 4140 panis
2404 4058 2728 4140 proprius.

1165 4165 1318 4227 Dne
1366 4165 1641 4248 Regine
1691 4167 1776 4228 ad
1825 4165 2216 4246 prandium:
2266 4186 2387 4247 pro
2436 4185 2644 4226 vacca
2692 4165 2904 4226 XVII
2950 4166 3134 4235 scoti.
3182 4185 3305 4246 pro
3352 4164 3419 4227 II
3457 4165 3765 4227 castratis
3792 4165 3859 4225 V
3863 4166 3929 4228 11
3966 4165 4149 4240 scoti,

949 4293 1072 4355 pro
1120 4271 1221 4334 IV
1269 4272 1452 4334 aucis
1499 4273 1679 4352 1111112
1740 4293 1840 4356 gr.
1907 4292 2029 4353 pro
2075 4273 2208 4334 XL
2257 4272 2454 4354 pullis
2510 4273 2652 4334 XII
2670 4273 2730 4350 ¹1³2
2792 4293 2891 4355 gr.
2956 4292 3077 4351 pro
3126 4271 3237 4334 CL
3285 4272 3430 4334 ouis
3494 4271 3562 4335 II
3626 4273 3795 4335 scoti
3860 4273 3892 4334 I
3938 4284 4149 4356 quart.

949 4401 1071 4461 pro
1119 4379 1220 4441 VI
1268 4379 1478 4442 caseis
1524 4379 1626 4441 III
1674 4389 1886 4462 quart.
1945 4399 2068 4460 pro
2117 4381 2288 4442 lacte
2338 4395 2405 4442 et
2450 4400 2677 4442 crema
2726 4380 2791 4441 II
2839 4379 3025 4452 scoti,
3070 4400 3192 4460 pro
3231 4379 3430 4441 mileo
3477 4380 3578 4442 III
3626 4401 3724 4463 gr.
3770 4401 3893 4461 pro
3960 4391 4149 4444 aceto

949 4487 982 4548 I
1030 4508 1128 4571 gr.
1176 4507 1296 4569 pro
1347 4487 1625 4548 nucibus
1673 4497 1739 4548 et
1787 4487 2106 4568 prunellis
2155 4487 2255 4549 III
2305 4508 2403 4570 gr.
2471 4507 2592 4568 pro
2637 4487 2781 4566 11¹J2
2842 4487 3214 4548 octualibus
3281 4487 3557 4550 ceruisie
3613 4486 3827 4548 XVII
3844 4491 3905 4568 ’,ΖΞ
3965 4489 4145 4561 scoti,

949 4594 1139 4676 panis
1186 4595 1483 4676 utrisque
1530 4595 1852 4676 proprius

1163 4701 1336 4762 Duci
1384 4699 1788 4784 Scirgalloni
1835 4702 1900 4762 in
1948 4701 2196 4782 paratis
2244 4703 2310 4764 II
2359 4722 2517 4765 mar.

1162 4808 1318 4870 Dno
1365 4808 1694 4871 Dimetrio
1741 4809 1930 4891 panis
1978 4821 2044 4870 et
2090 4809 2367 4871 ceruisia
2415 4809 2696 4890 propria.

1161 4915 1318 4978 Dno
1366 4916 1552 4998 Regi
1598 4917 1684 4978 ad
1732 4936 2003 4978 cenam:
2053 4937 2174 4996 pro
2223 4937 2433 4978 vacca
2484 4915 2624 4978 XV
2670 4916 2853 4990 scoti,
2901 4936 3024 4997 pro
3063 4916 3127 4977 II
3176 4917 3479 4980 castratis
3507 4916 3607 4979 VI
3636 4917 3822 4992 scoti,
3862 4938 3985 5000 pro
4015 4917 4145 4980 XL

946 5023 1145 5107 pullis
1193 5023 1412 5102 X111f2
1471 5023 1651 5094 scoti,
1700 5043 1821 5103 pro
1871 5023 1922 5085 C
1972 5023 2117 5086 ouis
2163 5023 2265 5084 III
2314 5044 2413 5106 gr.
2460 5045 2583 5105 pro
2632 5023 2764 5084 VII
2814 5024 3025 5085 caseis
3072 5025 3103 5086 I
3152 5033 3312 5086 scot.
3359 5045 3479 5105 pro
3516 5024 3651 5086 olla
3686 5025 3885 5086 butiri
3918 5025 4019 5086 III
4048 5045 4143 5108 gr.

947 5132 1048 5193 III
1096 5133 1244 5193 den.
1293 5151 1415 5212 pro
1462 5133 1633 5193 lacte
1682 5140 1747 5191 et
1798 5151 2022 5192 crema
2068 5130 2132 5191 V
2182 5151 2280 5214 gr.
2346 5151 2468 5212 pro
2516 5143 2708 5193 aceto
2757 5131 2788 5192 Ι
2836 5152 2933 5213 gr.
2999 5151 3121 5212 pro
3170 5131 3451 5194 nucibus
3516 5132 3547 5192 I
3594 5141 3809 5213 quart.
3874 5152 3996 5214 pro
4045 5132 4144 5193 III

947 5239 1324 5301 octualibus
1372 5238 1650 5300 ceruisie
1698 5237 1910 5300 XVII
1927 5239 1987 5320 Ἃ,
2050 5239 2231 5301 scoti.

1162 5346 1312 5407 Dne
1360 5345 1633 5428 Regine
1681 5348 1767 5408 ad
1815 5367 2085 5408 cenam:
2133 5367 2254 5426 pro
2304 5366 2513 5408 vacca
2559 5345 2735 5407 XIV
2784 5345 2965 5418 scoti,
3013 5365 3135 5426 pro
3184 5345 3249 5407 II
3298 5345 3614 5408 arietibus
3652 5345 3753 5408 VI
3792 5346 3975 5421 scoti,
4023 5366 4143 5427 pro

947 5453 1046 5514 IV
1095 5452 1351 5534 sugillis
1399 5453 1500 5514 IV
1547 5453 1730 5527 scoti,
1778 5473 1899 5533 pro
1948 5453 2080 5514 XL
2127 5452 2325 5533 pullis
2372 5452 2591 5532 ΧΙΙῙ]2
2651 5453 2832 5526 scoti,
2881 5473 3003 5534 pro
3052 5451 3163 5514 CL
3210 5452 3355 5514 ouis
3402 5452 3470 5514 II
3506 5452 3673 5515 scoti
3720 5452 3752 5514 Ι
3789 5473 3975 5535 quar.
4023 5474 4143 5535 pro

948 5560 1120 5622 VIII
1168 5561 1380 5622 caseis
1427 5560 1458 5621 I
1508 5571 1668 5622 scot.
1716 5581 1838 5640 pro
1887 5560 2017 5621 olla
2065 5561 2262 5622 butiri
2311 5560 2377 5620 II
2426 5562 2609 5634 scoti,
2657 5581 2780 5641 pro
2826 5561 2998 5622 lacte
3046 5570 3112 5621 et
3159 5581 3383 5622 crema
3431 5561 3497 5622 11
3544 5561 3729 5632 scoti,
3774 5581 3898 5642 pro
3954 5561 4142 5642 pisci·
