4592 6559
1027 488 1145 551 170
1817 482 2192 549 REJESTR.x
2247 483 2832 534 Ponsxxnmsseo
2880 483 3212 535 Hmczm.
3276 490 3455 553 ¹393·

1015 687 1174 749 item
1227 686 1670 751 Groshannus
1716 686 2062 749 Prutheno
2109 688 2193 749 ad
2242 688 2635 750 mandatum
2686 687 2800 749 dni
2848 687 3069 769 Regis
3117 686 3181 748 II
3231 706 3430 750 mare.

1015 796 1175 857 item
1223 815 1346 876 pro
1394 814 1552 865 maz,
1601 814 1762 877 qum
1811 794 1977 855 Rex
2024 794 2237 857 voluit
2283 793 2537 857 moueri
2586 794 2652 857 in
2701 792 3126 878 Debrestany
3170 794 3273 857 IV
3320 816 3419 877 gr.

1229 902 1400 965 Item
1447 922 1569 983 pro
1617 901 1969 965 ablucione
2015 902 2433 975 mensalium,
2480 902 3075 986 manutergiorum,
3131 902 3637 965 lenthiaminum
3684 911 3828 965 toto
3874 903 4003 965 isto
4047 914 4221 965 tem-

1015 1029 1196 1091 pore,
1243 1030 1377 1093 quo
1425 1011 1591 1072 Rex
1638 1009 1761 1073 fuit
1808 1008 2131 1074 Cracovie
2177 1009 2317 1072 fere
2364 1029 2485 1091 per
2534 1030 2736 1071 vnam
2784 1010 3245 1092 septimanam,
3304 1010 3367 1090 ’,ζ
3427 1030 3627 1073 mare.

1015 1117 1174 1179 item
1223 1117 1660 1179 Borowczoni
1707 1117 1791 1180 ad
1843 1118 2235 1180 mandatum
2285 1115 2400 1179 dni
2449 1116 2672 1201 Regis
2718 1116 2786 1179 II
2836 1136 3037 1180 marc,

1013 1224 1174 1287 item
1240 1245 1363 1306 pro
1410 1224 1511 1287 VI
1578 1224 1760 1287 libris
1823 1224 2084 1307 piperis,
2150 1223 2532 1306 recipiendo
2598 1225 2834 1287 libram
2902 1245 3024 1308 per
3068 1225 3103 1287 I
3148 1224 3293 1288 fert.
3358 1224 3514 1288 facit
3578 1225 3868 1288 mediam
3934 1226 4221 1288 alteram

1015 1352 1328 1405 marcam,
1392 1352 1515 1413 pro
1581 1332 1682 1394 IV
1729 1331 1912 1395 libris
1977 1331 2317 1395 zinziberis
2383 1352 2501 1414 per
2561 1332 2622 1413 Ὗς
2682 1352 2914 1415 sexag.
2980 1332 3137 1394 facit
3183 1331 3328 1413 1131,
3406 1353 3609 1395 mare.
3654 1352 3777 1415 pro
3823 1333 3992 1395 libra
4038 1332 4223 1396 croci

1015 1438 1046 1500 I
1093 1460 1388 1502 marcam
1437 1440 1537 1502 III
1585 1440 1730 1503 fert.
1795 1460 1918 1521 pro
1979 1440 2040 1519 ¹,l2
2097 1439 2321 1521 lapide
2387 1438 2519 1501 risii
2566 1438 2710 1502 XV
2756 1460 2845 1503 sc.
2912 1440 3129 1502 missis
3194 1439 3334 1501 istis
3398 1440 3483 1503 ad
3551 1442 3757 1502 dnum
3827 1440 4099 1524 Regem
4146 1440 4219 1501 in

1013 1545 1472 1631 Nepolomt'cze
1516 1558 1676 1610 tunc
1723 1547 2063 1628 temporis,
2110 1568 2377 1609 summa
2422 1547 2625 1610 totius
2672 1546 2774 1610 VI
2820 1567 3020 1611 marC.
3068 1546 3179 1609 IX
3224 1568 3315 1610 sc,

1015 1654 1173 1717 item
1223 1675 1346 1736 pro
1392 1656 1692 1718 saccellis
1739 1654 1990 1718 eisdem
2040 1654 2395 1736 speciebus
2442 1653 2756 1735 predictis
2804 1654 2870 1716 II
2918 1676 3016 1737 gr.

1014 1761 1174 1823 item
1221 1782 1344 1842 pro
1390 1762 1465 1824 X
1513 1763 1698 1824 vitris
1747 1762 1960 1825 missis
2007 1763 2254 1826 ibidem
2295 1762 2396 1823 VI
2446 1782 2544 1846 gr.
2592 1761 2737 1824 XII
2785 1762 2933 1825 den.

1013 1868 1172 1930 item
1219 1868 1381 1932 feria
1427 1869 1528 1931 VI
1576 1870 1882 1952 sequenti
1929 1892 2052 1951 pro
2099 1868 2290 1932 futris
2327 1869 2615 1951 lingueis
2652 1871 2737 1931 ad
2777 1870 2927 1931 XX
2966 1871 3234 1931 lanceas
3283 1869 3520 1953 Regis,
3566 1871 3915 1952 quodlibet
3960 1870 4213 1933 futrum

1011 1995 1134 2058 per
1180 1976 1246 2038 ΙΙ
1295 1998 1393 2060 gr.
1441 1997 1704 2040 summa
1751 1978 1900 2039 XX
1949 1998 2036 2040 sc.

1011 2083 1173 2146 item
1219 2104 1341 2164 pro
1389 2083 1580 2147 futris
1626 2086 1710 2148 de
1758 2095 1939 2149 cutte
1985 2086 2073 2147 ad
2119 2086 2391 2148 lanceas
2438 2086 2588 2147 XX
2637 2105 2727 2147 se.

1011 2190 1172 2253 item
1220 2193 1672 2273 portatoribus
1718 2212 1869 2254 cere
1935 2194 2020 2256 de
2083 2190 2336 2255 Lublz'n
2401 2193 2619 2267 ducte,
2685 2194 2771 2255 de
2834 2192 2987 2254 loco
3052 2192 3512 2255 mundacionis
3578 2213 3729 2255 cere
3787 2195 3872 2255 ad
3920 2202 4215 2255 castrum

1013 2295 1114 2359 VI
1161 2320 1259 2381 gr.

1011 2406 1172 2468 item
1220 2427 1343 2488 pro
1391 2409 1874 2472 emendacione
1919 2409 2204 2471 caldaris
2250 2409 2534 2470 ollarum
2586 2408 2804 2492 Regis
2844 2408 3155 2488 Janussio
3202 2407 3424 2470 ollifici
3470 2409 3503 2470 I
3550 2429 3748 2471 marc.

1010 2514 1170 2576 item
1218 2536 1342 2598 pro
1389 2536 1598 2599 cupro
1645 2518 1729 2579 ad
1781 2518 2278 2579 emendandum
2329 2517 2737 2579 mortablum
2799 2518 3049 2579 dictum
3097 2519 3391 2599 stampca
3439 2514 3753 2579 medzana
3800 2516 3830 2578 I
3880 2515 4022 2578 fert.

1225 2621 1507 2686 Summa
1553 2623 1730 2686 XIV
1779 2644 1982 2686 mare.
2029 2623 2130 2689 IV
2177 2644 2266 2688 se.
2316 2624 2460 2686 XII
2508 2626 2658 2687 den.

1223 2730 1392 2793 Item
1442 2752 1566 2813 pro
1610 2730 1870 2794 fusione
1917 2732 2217 2797 eiusdem
2268 2731 2579 2794 mortabli
2626 2730 2797 2793 VIII
2846 2750 2945 2815 gr.

1011 2839 1171 2901 item
1218 2859 1339 2921 pro
1386 2839 1815 2921 reparacione
1861 2838 2294 2902 franczonum
2332 2848 2790 2921 pretextarum
2840 2840 3152 2902 sellarum
3202 2850 3269 2902 et
3313 2839 3691 2901 fallerarum
3742 2838 3905 2900 selle
3952 2846 4019 2900 et
4056 2837 4213 2900 alia-

1010 2966 1160 3009 rum
1206 2946 1594 3010 huiusmodi
1642 2946 2150 3010 attinenciarum
2199 2946 2315 3009 dni
2362 2947 2587 3029 Regis
2646 2948 2708 3027 ¹,l2
2767 2967 3002 3030 sexag.

1011 3052 1168 3116 item
1217 3075 1339 3135 pro
1387 3054 1703 3135 expensis
1749 3054 2292 3117 vicethezaurarii
2340 3074 2491 3117 cum
2559 3053 2809 3117 familia
2854 3055 2918 3115 in
2968 3054 3295 3118 Cracouia
3340 3054 3751 3117 morancium
3800 3074 3954 3116 cum
4002 3061 4211 3115 sarto-

1010 3163 1193 3224 ribus
1239 3162 1582 3245 regalibus
1627 3162 1737 3243 I¹f2
1796 3180 1999 3225 mare.
2045 3160 2190 3224 XV
2235 3161 2378 3225 fert.
2426 3162 2529 3225 III
2578 3182 2761 3245 quar.
3478 3242 3481 3247 Ι

1009 3270 1168 3333 item
1215 3270 1322 3333 die
1389 3268 1723 3332 dominico
1787 3269 2092 3352 sequenti
2158 3279 2314 3332 ante
2380 3270 2557 3333 diem
2606 3291 2653 3333 S.
2704 3269 2975 3333 Martini
3024 3270 3148 3353 (9s1
3174 3270 3225 3349 1)
3292 3290 3417 3352 pro
3476 3270 3537 3349 ¹4'2
3596 3270 3852 3333 talento
3899 3267 4076 3332 croci
4124 3268 4209 3329 ad

1011 3396 1248 3440 vocem
1298 3377 1412 3440 dni
1461 3377 1682 3461 Regis
1727 3377 1918 3439 XXI
1963 3397 2054 3440 se.

1009 3486 1164 3548 item
1213 3504 1336 3567 pro
1381 3485 1416 3547 I
1461 3485 1682 3566 lapide
1730 3483 2106 3567 smigmatis
2151 3504 2274 3567 pro
2322 3486 2459 3548 dno
2507 3486 2709 3568 Rege
2762 3486 2892 3546 VII
2940 3506 3028 3547 sc.

1008 3593 1167 3655 item
1214 3612 1338 3674 pro
1383 3590 1808 3655 licuminibus
1855 3592 1942 3654 ad
1987 3591 2241 3655 lumina
2287 3594 2589 3673 paranda
2635 3592 2815 3673 III¹J²
2874 3613 2973 3675 gr.

1007 3699 1165 3762 item
1214 3720 1338 3781 pro
1383 3698 1633 3761 fusorio
1677 3698 1895 3761 ferreo
1943 3701 2126 3781 quod
2173 3698 2412 3762 dicitur
2457 3698 2581 3783 lyg,
2650 3720 2784 3781 quo
2830 3700 3072 3782 pocula
3117 3699 3487 3762 funduntur
3550 3698 3615 3761 in
3663 3720 3844 3773 vasa,
3894 3698 4095 3761 misso
4141 3698 4203 3762 in

1009 3804 1466 3890 Nepolomz'cze
1511 3806 1578 3869 II
1625 3826 1723 3889 gr.

1008 3914 1166 3976 item
1216 3915 1540 3997 Heyncze
1586 3913 2008 3977 tubicinatori
2078 3914 2314 3996 Regis,
2380 3914 2585 3976 misso
2650 3915 2733 3978 ad
2801 3916 3041 3977 ducem
3092 3912 3539 3989 Witholdum,
3587 3935 3708 3995 pro
3756 3915 4075 4041 expensis
4120 3915 4206 3976 ad

1009 4041 1247 4084 vocem
1295 4021 1409 4083 dni
1457 4020 1682 4103 Regis
1728 4021 1795 4082 II
1843 4042 2045 4085 marc.

1009 4129 1168 4192 item
1214 4148 1338 4210 pro
1383 4128 1738 4209 paracione
1785 4127 2103 4210 cupconis
2149 4130 2327 4192 nowi
2374 4130 2491 4192 alti
2540 4129 2932 4192 Hanuszoni
2979 4130 3246 4192 Ilkusar
3290 4129 3627 4192 aurifabro
3674 4128 3790 4192 dni
3838 4130 4063 4213 Regis
4108 4128 4210 4191 III

1009 4256 1211 4299 marc.
1258 4234 1359 4298 VI
1407 4256 1507 4319 gr.

1009 4343 1166 4406 item
1215 4364 1337 4426 pro
1383 4342 1562 4406 futro
1609 4344 1694 4406 ad
1743 4344 2031 4407 eundem
2079 4364 2451 4426 cupconem
2501 4343 2635 4406 VII
2682 4365 2771 4408 sc.

1008 4450 1168 4513 item
1216 4470 1339 4532 pro
1385 4450 1494 4513 XI
1542 4451 1717 4513 vlnis
1739 4449 2118 4535 yaxamt'tt'z'
2151 4450 2325 4535 nigri
2373 4452 2509 4514 dati
2556 4452 2822 4514 ducisse
2887 4453 3172 4515 moranti
3238 4452 3411 4514 circa
3473 4448 3818 4534 Reginam
3886 4452 3973 4513 ad
4022 4472 4206 4513 man-

1009 4560 1241 4621 datum
1291 4557 1406 4620 dni
1453 4558 1676 4641 Regis
1723 4558 1902 4620 XIII
1951 4578 2154 4621 mare.
2201 4559 2305 4621 III
2352 4558 2495 4621 fert.

1009 4664 1169 4728 item
1216 4684 1338 4746 pro
1383 4664 1416 4727 I
1464 4673 1617 4728 cute
1664 4675 1915 4746 parata,
1963 4666 2165 4728 missa
2211 4666 2278 4729 in
2324 4664 2782 4749 Nepolomz'cze
2846 4666 3034 4750 Regi
3101 4668 3186 4729 ad
3232 4668 3533 4747 paranda
3597 4665 3773 4729 futra
3818 4668 4201 4729 lancearum

1010 4772 1125 4836 dni
1172 4773 1394 4856 Regis
1439 4772 1541 4835 III
1587 4772 1732 4835 fert.

1009 4882 1167 4943 item
1217 4880 1554 4944 Mikulcze
1601 4880 1926 4943 Rutheno
1971 4900 2094 4962 pro
2141 4880 2353 4943 ocreis
2398 4879 2433 4943 I
2478 4879 2622 4943 fert.

1011 4987 1168 5050 item
1217 4987 1320 5051 III
1366 4987 1636 5051 canistis
1681 5008 1806 5070 pro
1852 4988 2256 5051 sotularibus
2301 4988 2368 5052 in
2416 4986 2871 5072 A⁷ep0l0m2itze
2915 4987 3019 5052 VI
3064 5009 3165 5073 gr.

1225 5094 1507 5158 Summa
1551 5093 1773 5159 XXV
1820 5115 2020 5159 mare.
2067 5096 2210 5159 XII
2227 5096 2289 5177 ¹,l2
2350 5116 2439 5159 sc.
2487 5096 2709 5159 minus
2754 5096 2785 5157 I
2832 5116 3032 5159 mare.

1225 5201 1398 5265 Item
1446 5223 1569 5285 pro
1615 5204 1862 5266 octuali
1907 5203 2135 5286 ligneo
2181 5204 2361 5267 dicto
2408 5202 2653 5275 baldel,
2722 5214 2788 5267 et
2835 5204 2965 5267 alio
3002 5224 3165 5266 vase
3210 5204 3390 5267 dicto
3425 5200 3869 5287 poluachtelle
3914 5203 4000 5265 ad
4047 5202 4209 5264 reci-

1011 5310 1325 5391 piendam
1374 5310 1722 5373 ceruisiam
1771 5309 2388 5394 Sweydniciensem
2436 5313 2503 5374 in
2553 5310 3008 5395 Nepolomz'cze
3052 5313 3188 5373 dno
3235 5312 3419 5395 Regi
3466 5310 3571 5373 III
3616 5331 3704 5373 se.

1011 5418 1169 5480 item
1219 5437 1341 5497 pro
1406 5416 1664 5499 lagenis
1729 5418 1815 5480 ad
1879 5417 2363 5483 infundendum
2432 5420 2662 5483 vinum
2736 5419 3001 5492 ibidem,
3076 5418 3348 5480 missum
3414 5418 3479 5480 in
3546 5415 4000 5501 Nepolomz'cze
4066 5418 4204 5481 dno

1010 5524 1198 5607 Regi
1245 5524 1276 5586 I
1323 5545 1412 5588 sc,

1007 5630 1168 5695 item
1215 5652 1338 5714 pro
1382 5630 1511 5694 filis
1559 5632 1725 5695 albis
1771 5634 2137 5697 sartoribus
2184 5636 2297 5698 dni
2347 5635 2567 5719 Regis
2612 5637 2678 5697 in
2725 5634 2974 5697 ibidem
3022 5632 3125 5696 VI
3174 5654 3273 5717 gr.
