4592 6559
980 448 1003 489 1
1017 446 1098 507 92
1761 439 2142 505 REJESTRA
2187 440 2779 491 PODSKARBIEGO
2823 438 3159 492 Hmczxt.
3214 448 3235 490 ι
3251 446 3396 509 394.

971 640 1130 703 item
1176 662 1298 723 pro
1348 638 1572 705 barcza
1615 640 1902 705 restibus
1947 642 2034 705 ad
2080 641 2294 705 dictos
2341 662 2577 707 currus
2620 641 2726 705 IV
2768 662 2861 705 sc.

1186 746 1471 813 Summa
1513 748 1848 811 XXXIII
1861 747 1926 831 ΙΙ,
1983 768 2186 813 ωηο.
2233 748 2346 813 XI
2393 770 2494 833 gr.

1187 857 1358 920 Item
1423 878 1547 939 pro
1611 855 1850 920 XLVI
1912 856 2088 922 vlnis
2149 858 2283 920 tele
2348 858 2555 921 crude
2629 857 2717 920 ad
2788 857 3177 921 thezaurum
3243 856 3399 921 date
3462 876 3585 939 per
3650 856 3796 920 XII
3840 856 4176 921 hallenses

973 964 1190 1029 XVII
1204 964 1268 1047 ΙΙ,
1325 985 1416 1029 se.

972 1072 1134 1136 item
1181 1092 1304 1155 pro
1350 1072 1419 1136 II
1464 1072 1860 1136 staminibus
1905 1072 2110 1155 panni
2154 1091 2276 1154 per
2303 1070 2483 1153 111¹s,
2526 1092 2725 1136 ωηο.
2755 1073 2841 1134 ad
2869 1074 3260 1137 thezaurum
3289 1072 3478 1148 datis,
3508 1092 3777 1137 summa
3802 1070 3941 1135 VII
3970 1090 4175 1137 marc.

973 1180 1136 1244 item
1181 1200 1304 1263 pro
1347 1188 1696 1263 portatura
1741 1181 2110 1243 eorundem
2158 1180 2245 1243 ad
2291 1180 2685 1244 thezaurum
2733 1180 2933 1243 castri
2978 1177 3442 1247 Cracouiensis
3487 1180 3521 1243 1
3567 1190 3781 1265 quart.

974 1289 1135 1352 item
1182 1308 1306 1371 pro
1352 1288 1670 1371 expensis
1717 1288 1872 1351 duci
1918 1286 2338 1373 Skirgalloni
2382 1288 2469 1351 ad
2517 1289 2910 1352 mandatum
2957 1288 3073 1351 dni
3118 1288 3341 1373 Regis
3386 1287 3490 1350 VI
3536 1303 3741 1352 ωηο.

975 1396 1136 1459 item
1182 1417 1306 1479 pro
1352 1395 1688 1459 coloribus
1752 1395 1998 1459 diuersi
2062 1394 2331 1479 generis
2395 1395 2585 1459 iuxta
2647 1395 3098 1480 indigenciam
3162 1396 3494 1479 pictorum
3558 1396 3647 1459 ad
3710 1392 4059 1459 ecclesiam
4106 1394 4175 1457 in

975 1501 1232 1567 Lis-seca
1276 1504 1535 1584 emptis,
1582 1513 1653 1567 et
1696 1523 1819 1585 pro
1867 1504 2184 1586 expensis
2229 1524 2351 1585 per
2395 1504 2672 1567 eosdem
2718 1504 3011 1587 pictores
3055 1502 3250 1567 factis
3292 1503 3361 1566 in
3407 1502 3709 1586 hospicio
3748 1501 3927 1567 XVI
3970 1521 4178 1566 marc.

975 1611 1136 1674 item
1181 1610 1346 1674 feria
1390 1610 1459 1673 V
1503 1611 1650 1693 ipso
1714 1612 1820 1675 die
1865 1631 1915 1675 s,
1963 1610 2277 1693 Corporis
2342 1609 2581 1676 Christi
2628 1612 2681 1693 (ι
2696 1611 2831 1697 8s6)
2896 1631 3098 1694 super
3162 1609 3575 1675 offertorium
3640 1612 3777 1675 dno
3822 1611 4011 1695 Regi
4054 1628 4180 1693 per

979 1718 1411 1783 Chodconem
1459 1717 1492 1781 Ι
1538 1718 1688 1783 fert.

978 1826 1138 1890 item
1185 1826 1583 1891 Bernhardo
1629 1826 1831 1891 iudici
1878 1826 2283 1891 Welunensi
2329 1828 2421 1891 ad
2466 1826 2857 1890 mandatum
2906 1828 3143 1891 vocale
3190 1827 3306 1890 dni
3354 1826 3577 1911 Regis
3621 1827 3914 1891 XXVII
3976 1844 4179 1891 ωηο.

978 1935 1138 1997 item
1185 1933 1556 1999 Gnewconi
1603 1935 1908 1998 Bohemo
1953 1936 2042 1999 ad
2087 1934 2481 1999 mandatum
2530 1935 2645 1998 dni
2691 1934 2914 2019 Regis
2959 1936 3063 2000 III
3110 1954 3313 1999 ωηο.

978 2042 1139 2107 item
1185 2062 1387 2125 super
1432 2042 1746 2125 expensis
1791 2042 1948 2107 duci
1991 2041 2409 2127 Skirgelloni
2452 2041 2558 2104 VI
2604 2062 2807 2105 ωηο.

979 2148 1139 2213 item
1187 2169 1312 2232 pro
1355 2149 1568 2213 tribus
1613 2149 2026 2233 spadonibus
2071 2149 2290 2215 missis
2336 2150 2473 2213 dno
2520 2150 2709 2235 Regi
2751 2150 2820 2213 in
2868 2148 3138 2215 Nouam
3184 2150 3547 2225 ciuitatem,
3592 2170 3881 2234 quorum
3926 2149 4184 2235 primus

981 2278 1105 2342 pro
1149 2256 1401 2321 XVIII
1445 2278 1646 2322 marc.
1693 2258 2030 2321 secundus
2075 2278 2198 2339 pro
2235 2255 2417 2321 XVI
2462 2277 2664 2322 ωηο.
2701 2258 2947 2322 tercius
2984 2278 3107 2341 pro
3142 2257 3289 2341 V¹l,
3338 2278 3540 2323 marc.
3578 2276 3845 2321 summa
3880 2257 4181 2322 omnium

979 2364 1138 2430 facit
1182 2365 1428 2429 XLIX
1473 2386 1628 2430 cum
1686 2365 1750 2448 Ἲς,
1809 2385 2014 2429 ωηο.

1198 2472 1482 2538 Summa
1528 2472 1728 2539 CXV
1775 2493 1976 2537 ωηο.
2022 2471 2134 2535 XI
2179 2492 2269 2536 sc.
2317 2471 2429 2555 ΙΙΙ,
2478 2492 2581 2556 gr.

1197 2581 1370 2645 Item
1436 2601 1558 2664 pro
1623 2582 1938 2664 expensis
2002 2579 2158 2644 duci
2221 2578 2582 2644 Smoliensi
2643 2580 2711 2642 in
2774 2579 3075 2663 hospicio
3148 2578 3578 2644 Cracouiensi
3642 2580 4055 2663 consumptis
4116 2588 4189 2641 et

983 2686 1177 2753 factis
1219 2687 1360 2751 VII
1405 2709 1606 2753 ωηο.
1652 2687 1826 2752 VIII
1871 2709 1960 2753 sc.
2008 2688 2042 2751 I
2089 2708 2191 2773 gr.

981 2797 1143 2860 item
1187 2794 1352 2859 feria
1398 2795 1502 2859 VI
1546 2796 1853 2879 sequenti
1901 2798 1952 2880 (1
1967 2794 2102 2879 9s6)
2151 2796 2307 2859 duci
2351 2794 2765 2880 Skirgelloni
2810 2816 2935 2880 pro
2980 2794 3301 2878 expensis
3339 2794 3815 2861 consumendis
3864 2794 4188 2859 Cracouie

983 2902 1087 2967 VI
1132 2924 1334 2967 ωηο.

983 3012 1145 3075 item
1173 3012 1308 3075 dno
1337 3009 1812 3095 Sandziwogio
1840 3010 2193 3093 capitaneo
2221 3010 2497 3075 Maioris
2525 3010 2805 3075 Polonie
2834 3012 2921 3075 ad
2952 3013 3343 3077 mandatum
3376 3012 3492 3076 dni
3521 3012 3743 3096 Regis
3770 3010 3945 3075 VIII
3982 3028 4188 3076 marc.

985 3119 1145 3182 item
1192 3139 1316 3201 pro
1361 3118 1575 3181 tribus
1619 3116 1942 3195 schlomt's,
1990 3119 2164 3183 datis
2209 3118 2423 3183 tribus
2470 3119 2826 3195 RutheniS,
2892 3120 3203 3184 videlicet
3266 3119 3754 3205 Colgemundd
3818 3119 4071 3184 Micule
4114 3130 4186 3183 et

986 3225 1305 3292 Samconi
1351 3228 1438 3289 ad
1483 3228 1877 3289 mandatum
1923 3226 2039 3290 dni
2085 3226 2307 3311 Regis
2354 3225 2457 3288 VI
2504 3246 2711 3291 mare.

984 3334 1148 3398 item
1193 3334 1386 3397 fabro
1433 3334 1849 3419 sagittarum,
1895 3334 2011 3417 qui
2057 3336 2142 3396 de
2197 3332 2527 3419 Czeschyn
2572 3334 2757 3398 venit
2802 3333 3219 3409 Cracoviam‚
3258 3336 3345 3397 ad
3384 3335 3777 3401 mandatum
3816 3335 3931 3399 dni
3968 3335 4191 3421 Regis

985 3442 1020 3505 I
1065 3462 1302 3528 sexag.

985 3551 1144 3615 item
1193 3550 1348 3613 duci
1392 3547 1749 3615 Smoliensi
1794 3569 1918 3632 pro
1963 3546 2250 3613 schlomo
2305 3558 2374 3613 et
2421 3548 2564 3612 aliis
2629 3549 3001 3613 attinenciis
3066 3550 3152 3613 ad
3214 3549 3437 3633 ipsum
3499 3548 3946 3615 schlomonem
3989 3550 4189 3633 perti·

986 3658 1300 3721 uentibus
1344 3658 1414 3721 II
1425 3657 1491 3740 ll„
1549 3676 1754 3721 marc.

983 3765 1146 3829 item
1189 3766 1409 3829 eidem
1455 3764 1610 3829 duci
1655 3785 1778 3846 pro
1828 3762 2296 3849 beyngcwantz'
2330 3766 2417 3829 ad
2464 3765 2858 3828 mandatum
2904 3766 3020 3828 dni
3064 3764 3290 3849 Regis
3335 3764 3482 3849 ΠΙΙ,
3540 3785 3742 3830 ωηο.

986 3873 1145 3938 item
1191 3873 1495 3956 predicto
1541 3872 1738 3955 (duci)
1787 3892 1908 3956 pro
1955 3872 2278 3956 pectorali
2324 3872 2507 3936 dicto
2558 3870 2903 3936 brusblach
2964 3872 3027 3955 ll,
3088 3894 3291 3937 ωηο.

986 3980 1148 4045 item
1194 4001 1317 4064 pro
1361 3979 1600 4065 skorky
1646 3980 1863 4043 eidem
1911 3980 2063 4043 duci
2112 3978 2473 4045 Smoliensi
2532 3979 2595 4061 ΙΙ,
2656 3999 2857 4043 ωηο.

986 4089 1148 4153 item
1196 4088 1413 4152 eidem
1460 4088 1615 4152 duci
1661 4108 1864 4170 super
1909 4087 2230 4151 cirotecas
2274 4086 2530 4151 ferreas
2575 4088 2791 4150 bonas
2838 4086 2991 4151 XX
3037 4109 3136 4172 gr.

987 4196 1148 4260 item
1193 4214 1319 4280 pro
1366 4194 1618 4259 orificio
1663 4195 1843 4259 dicto
1890 4194 2146 4259 colners
2189 4194 2489 4258 similiter
2544 4193 2847 4277 predicto
2909 4196 3083 4271 duci,
3148 4195 3375 4259 omnia
3436 4196 3737 4278 predicta
3780 4197 3869 4260 ad
3912 4198 4191 4261 manda·

985 4312 1132 4367 tum
1179 4304 1294 4366 dni
1338 4303 1563 4387 Regis
1606 4302 1916 4385 speciale,
1973 4301 2038 4383 ΙΙ,
2095 4322 2301 4366 ωηο.

986 4412 1148 4475 item
1193 4432 1330 4494 pro.
1363 4410 1431 4474 II
1477 4410 1790 4486 cuttibuS‚
1835 4410 2068 4492 positis
2114 4430 2317 4494 super
2362 4410 2672 4475 assedam
2720 4409 2837 4473 dni
2884 4410 3105 4495 Regis
3154 4430 3277 4493 per
3322 4408 3511 4474 XIX
3558 4430 3657 4495 gr.
3720 4428 3989 4475 summa
4032 4410 4189 4475 facit

989 4518 1176 4583 XIX
1222 4540 1310 4581 se.

1203 4625 1486 4691 Summa
1531 4624 1829 4689 XXXV
1843 4624 1906 4707 ¹l,
1965 4644 2166 4690 ωηο.
2212 4624 2325 4688 IX
2372 4646 2473 4709 gr.

1203 4735 1377 4798 Item
1423 4754 1548 4817 pro
1606 4733 1670 4816 ΙΙ,
1727 4733 1949 4814 lapide
1995 4733 2226 4796 aruine
2272 4734 2360 4795 ad
2406 4732 2619 4796 dictas
2665 4742 2881 4797 cuttes
2928 4731 3065 4796 VII
3113 4754 3215 4817 gr.
3303 4754 3306 4757 ·

985 4844 1146 4907 item
1194 4862 1316 4924 pro
1362 4838 1673 4906 funiculis
1719 4842 1806 4903 ad
1852 4840 2222 4922 predictam
2269 4840 2580 4903 assedam
2630 4839 2697 4901 V
2744 4860 2846 4924 gr.

987 4950 1147 5014 item
1194 4948 1366 5012 VIII
1412 4948 1795 5012 vectoribus
1842 4947 1957 5011 dni
2001 4946 2224 5030 Regis
2269 4968 2391 5029 pro
2429 4948 2654 5030 precio
2693 4946 3002 5029 Quatuor
3048 4958 3426 5030 tem-porum
3474 4949 3870 5022 estiualium,
3918 4947 4187 5012 cuilibet

987 5078 1108 5139 per
1152 5076 1361 5121 vnum
1409 5055 1757 5130 fertonem,
1804 5074 2070 5117 summa
2116 5054 2185 5117 II
2233 5074 2436 5119 ωηο.

987 5165 1148 5228 item
1195 5163 1688 5227 Marschalconi
1735 5162 2174 5226 archiuectori
2220 5162 2522 5226 similiter
2566 5182 2690 5245 pro
2740 5161 2967 5244 precio
3027 5162 3089 5245 ¹l2
3149 5181 3353 5225 mare.

989 5272 1148 5334 item
1193 5272 1478 5334 sabbato
1541 5280 1694 5352 post
1756 5269 2001 5333 festum
2066 5290 2118 5332 s,
2163 5270 2504 5333 Trinitatis
2570 5270 2771 5353 (20s6)
2837 5270 2992 5332 duci
3056 5267 3469 5353 Switrigallo
3534 5290 3657 5351 pro
3722 5271 4035 5354 expensis
4100 5272 4186 5335 ad

991 5380 1381 5444 mandatum
1431 5378 1544 5441 dni
1591 5379 1811 5462 Regis
1856 5377 2003 5440 XII
2050 5398 2251 5441 marc.

986 5488 1148 5552 item
1196 5486 1452 5549 ciuibus
1499 5484 1997 5549 Kalisiensibus
2044 5485 2130 5547 ad
2177 5486 2576 5549 mandatum
2622 5484 2847 5570 Regis
2894 5485 3149 5560 vocale,
3203 5505 3335 5567 que
3384 5493 3863 5567 exposuerunt,
3917 5487 4188 5567 quando

988 5596 1198 5658 sdnus
1246 5594 1410 5658 Rex
1457 5593 1988 5656 constituebatur
2033 5591 2100 5655 in
2148 5590 2336 5667 Kail,
2440 5592 2699 5656 Lmarc.
