4592 6559
918 508 1297 571 REJESTRA
1348 506 1863 569 PODRZECTWA
1913 496 2572 557 xoxczys'xsxmso.
2632 500 2813 571 1388.
3382 498 3462 571 69

484 708 616 773 Pro
660 708 1139 772 reformacioue
1178 710 1487 772 truncelli
1517 708 1747 793 magni
1778 710 1867 771 ad
1895 710 2165 771 valuam
2197 708 2392 771 castri
2421 708 2612 771 fabro
2643 708 3128 775 Noueciuitatis
3157 708 3222 767 V
3255 718 3465 789 quart.

483 819 616 881 Pro
663 837 843 879 noua
890 818 1091 880 stuba
1138 819 1221 879 ad
1271 818 1671 880 thabernam
1718 817 1783 878 in
1832 814 2370 879 Sandzzklauz'cze
2415 816 2446 877 I
2495 836 2695 878 marc,
2747 815 2848 877 VI
2895 824 3057 878 scot.

482 926 615 989 Pro
663 924 1172 987 construccione
1220 925 1519 988 eiusdem
1568 926 1782 987 stube.

484 1034 616 1095 Pro
663 1032 1168 1096 construccione
1216 1040 1283 1093 et
1338 1030 1819 1094 reformacione
1886 1033 2082 1093 stube
2128 1031 2192 1093 in
2244 1032 2491 1093 allodio
2541 1030 2746 1113 regali
2807 1030 2871 1092 in
2919 1027 3468 1103 Sandzcssrlauz‘cze,

278 1141 427 1223 quia
464 1142 689 1203 trabes
718 1141 803 1203 de
830 1160 1011 1202 nouo
1042 1140 1497 1202 construendo
1535 1139 1989 1220 inposuerunt,
2028 1138 2458 1220 carpentariis
2504 1138 2770 1201 racione
2819 1137 3148 1199 mercedis
3177 1136 3276 1198 VI
3306 1147 3468 1199 scot.

486 1248 615 1311 Pro
662 1246 1145 1310 reformacione
1204 1248 1635 1309 macellarum
1702 1247 1767 1307 in
1818 1246 2013 1307 Noua
2078 1245 2348 1308 ciuitate
2404 1245 2833 1327 carpentariis
2878 1244 3338 1307 laborantibus
3385 1245 3469 1306 de

275 1356 585 1419 vniuerso
634 1352 753 1440 I¹J2
805 1375 1006 1417 mare.

486 1462 621 1526 Pro
668 1462 1175 1525 construccione
1226 1462 1488 1543 priuate
1534 1462 1599 1523 in
1649 1460 2039 1523 dormitorio
2107 1460 2221 1523 dni
2270 1461 2510 1543 Regis,
2556 1460 2837 1522 Andree.
2887 1458 3304 1541 carpentario
3369 1478 3471 1521 ra-

277 1570 465 1633 cione
514 1568 845 1632 mercedis
891 1565 1081 1654 VI¹l2
1132 1578 1293 1631 scot.

488 1678 621 1739 Pro
668 1677 701 1738 I
748 1696 1099 1759 sexagena
1144 1695 1445 1739 asserum
1494 1676 1823 1739 dictorum
1872 1674 2203 1739 wsczanki
2240 1674 2305 1736 V
2353 1685 2511 1737 scot.

488 1784 681 1847 Feria
710 1784 776 1844 V
806 1793 961 1865 post
997 1784 1174 1845 diem
1214 1783 1729 1864 Assumpcionis
1768 1804 1819 1845 s.
1858 1784 2074 1846 Marie
2114 1802 2380 1864 semper
2419 1782 2699 1866 virginis
2741 1782 2960 1864 (20s8)‚
3001 1782 3278 1843 Andree
3318 1800 3472 1844 cum

276 1894 455 1956 socio
503 1890 935 1975 carpentariis
982 1890 1294 1972 predictis
1362 1910 1483 1973 pro
1550 1891 2057 1954 construccione
2122 1892 2408 1954 duarum
2477 1890 2970 1972 quoquinarum
3023 1893 3094 1967 (s)
3143 1889 3472 1972 regalium

278 2002 343 2063 in
388 2010 626 2073 castrO,
674 1999 939 2061 racione
987 1998 1315 2063 mercedis
1367 2000 1452 2060 de
1496 1998 1811 2059 vniuerso
1856 1999 2089 2061 labore
2136 1998 2233 2058 IV
2284 2017 2487 2060 marc,

492 2108 623 2169 Pro
670 2107 1013 2169 excisione
1060 2109 1377 2168 roborum
1427 2116 1495 2169 et
1542 2103 1953 2168 edificiorum
2002 2106 2068 2167 iu
2115 2106 2286 2169 silua
2332 2125 2454 2187 pro
2503 2105 2694 2167 dictis
2742 2104 3043 2187 coquinis
3090 2104 3477 2169 edificandis

278 2217 339 2279 in
390 2225 605 2278 castro
646 2214 819 2276 VIII
857 2224 1020 2278 scot.

489 2321 623 2384 Pro
671 2322 729 2385 L
775 2320 1061 2403 capeciis
1106 2320 1592 2383 scilindriorum
1643 2341 1763 2403 per
1809 2322 1840 2382 Ι
1889 2342 1987 2405 gr.
2036 2320 2137 2383 IV
2185 2324 2413 2383 denar.
2461 2321 2758 2403 quelibet
2805 2329 3039 2403 capete
3078 2319 3478 2401 recipiendo,

278 2433 309 2494 Ι
357 2450 555 2494 marc.
603 2428 785 2492 XIII
832 2439 996 2491 scot.
1044 2428 1075 2488 I
1124 2448 1223 2511 gr.

495 2538 625 2600 'Pro
672 2535 803 2599 XC
848 2535 1216 2620 sexagenis
1282 2536 1780 2609 clauiculorum‚
1828 2535 1964 2598 VII
2013 2536 2286 2619 capecia
2331 2556 2452 2617 pro
2502 2537 2525 2597 I
2579 2548 2740 2597 scot.
2787 2534 3169 2617 recipiendo
3205 2536 3274 2596 in
3322 2534 3478 2596 Cra-

280 2646 471 2711 couia
517 2645 695 2707 XIII
742 2656 904 2707 scot.
953 2653 1179 2725 preter
1226 2662 1597 2725 expensam
1643 2643 1911 2707 factam.

494 2753 625 2815 Pro
674 2752 847 2815 VIII
892 2751 1255 2834 sexagenis
1303 2752 1649 2814 clauorum
1698 2752 2028 2815 dictorum
2078 2750 2310 2814 latlme
2357 2750 2421 2812 V
2469 2763 2630 2814 scot.

496 2862 627 2922 Pro
672 2858 851 2921 XVI
900 2858 1106 2921 clauis
1152 2857 1383 2921 ferreis
1428 2859 1625 2921 dictis
1669 2858 1977 2943 spernale
2023 2860 2089 2922 II
2136 2873 2300 2922 scot.

493 2968 627 3030 Pro
677 2967 779 3029 III
825 2966 1161 3029 asseribus
1208 2966 1479 3027 sarratis
1525 2968 1611 3028 ad
1658 2968 1877 3029 hostia
1924 2979 1991 3030 et
2038 2968 2123 3029 ad
2162 2966 2491 3030 fenestras
2529 2978 2597 3029 et
2636 2968 2763 3028 alia
2803 2967 3178 3029 necessaria
3222 2966 3480 3048 predic-

283 3089 500 3141 tarum
548 3074 1040 3157 quoquinarum
1089 3073 1154 3135 II
1204 3082 1365 3136 scot.

496 3183 627 3246 Pro
673 3181 1039 3245 serimentis
1085 3181 1279 3243 dictis
1322 3180 1596 3243 zawaszz‘
1630 3184 1715 3244 ad
1765 3184 2099 3263 predictas
2149 3184 2525 3265 quoquinas
2575 3182 2636 3242 V
2688 3202 2785 3263 gr.

498 3292 627 3353 Pro
674 3289 982 3351 linicione
1033 3308 1187 3351 cum
1236 3288 1475 3372 argilla
1522 3290 1996 3373 argilatoribus
2042 3291 2490 3371 predictarum
2541 3290 3032 3372 quoquinarum
3075 3300 3142 3351 et
3179 3288 3482 3350 kamino-

280 3421 427 3463 rum
478 3397 813 3463 Stanislao
860 3416 1015 3459 cum
1064 3395 1245 3459 socio
1292 3396 1359 3457 II
1408 3416 1607 3459 mare.
1659 3398 1687 3458 I
1736 3418 2014 3479 pernam
2064 3399 2227 3461 lardi
2277 3408 2346 3459 et
2395 3399 2421 3459 1
2466 3416 2848 3459 mensuram
2897 3396 3177 3479 siliginis
3214 3396 3484 3458 racione

281 3508 606 3572 mercedis
652 3526 776 3588 pro
823 3514 968 3567 toto
1016 3506 1262 3566 labore.

499 3615 627 3677 Pro
674 3613 986 3675 mercede
1034 3611 1325 3672 Martino
1374 3613 1693 3675 muratori
1740 3614 1825 3675 de
1874 3613 2201 3675 Cracouia
2248 3634 2369 3693 pro
2409 3613 2791 3675 mutacione
2838 3611 3091 3673 kamini
3159 3610 3224 3672 in
3263 3620 3483 3673 castro

283 3720 573 3785 Korczz'n
622 3732 688 3782 et
733 3718 1217 3783 reformacione
1264 3718 1552 3781 fornacis
1599 3718 1664 3780 in
1714 3722 1915 3783 stuba
1961 3721 2177 3804 regali
2229 3721 2251 3781 I
2304 3740 2506 3784 marc.
2558 3719 2799 3781 XVIII
2852 3730 3010 3781 scot.

501 3829 631 3891 Pro
677 3826 1160 3891 reformacione
1208 3828 1469 3897 ,domus
1535 3828 1807 3909 antique
1875 3848 2124 3911 magne
2188 3828 2436 3911 regalis
2504 3828 2782 3890 Andree
2849 3826 3266 3907 carpentario
3332 3846 3486 3888 curn

286 3936 487 4003 socio,
534 3937 833 4019 tegenda
880 3954 1032 3998 cum
1080 3934 1408 3996 scilindris
1454 3932 1781 3997 foramina
1831 3936 1938 3997 IX
1988 3956 2085 4019 gr.
2938 3914 2947 3923 ⁰

501 4043 635 4106 Pro
681 4044 993 4106 mercede
1042 4041 1528 4103 IIabdanczoni
1577 4042 1997 4123 carpentario
2064 4062 2217 4106 curn
2284 4042 2484 4115 socio,
2549 4043 2663 4125 qui
2730 4042 3107 4104 construxit
3171 4053 3239 4105 et
3285 4041 3486 4104 refor-

289 4152 501 4215 mauit
549 4170 868 4231 magnam
918 4151 1185 4211 stubam
1237 4160 1303 4211 et
1351 4149 1573 4210 menia
1619 4150 1687 4211 in
1744 4161 1982 4221 castr0‚
2040 4170 2160 4231 per
2224 4150 2764 4230 inpetuositatem
2833 4159 3075 4213 ventus
3140 4149 3270 4211 cito
3335 4160 3489 4230 post

290 4259 722 4322 Natiuitatem
773 4256 965 4319 Cristi
1016 4258 1537 4328 destructorum,
1584 4256 1854 4319 racione
1903 4258 2149 4319 laboris
2199 4256 2369 4319 VIII
2416 4268 2575 4319 scot.

502 4366 633 4428 Pro
688 4365 867 4427 XXI
916 4385 1151 4447 sexag.
1200 4364 1689 4427 scilindriorum
1741 4364 1915 4425 XIV
1964 4375 2127 4427 scot.

505 4474 636 4536 Pro
683 4473 789 4536 IX
839 4474 1047 4535 clauis
1091 4469 1401 4555 spernale
1448 4473 1531 4533 ad
1580 4472 1925 4552 lanquaria
1971 4472 2039 4535 II
2086 4484 2245 4536 scot.
2300 4473 2325 4534 l
2375 4494 2558 4555 quar.

506 4582 636 4643 Pro
689 4580 783 4642 IV
832 4581 1198 4664 sexagenis
1246 4581 1589 4642 clauorum
1640 4577 1871 4642 latlme
1917 4579 1983 4640 V
2032 4600 2130 4663 gr.

506 4690 639 4751 Pro
691 4686 1035 4773 xxxl¹s2
1086 4708 1323 4771 sexag.
1373 4688 1854 4749 clauiculorum
1906 4688 2013 4749 IX
2062 4706 2159 4771 gr.

508 4797 637 4857 Pro
686 4798 997 4857 mercede
1046 4807 1113 4856 et
1160 4796 1389 4856 labore
1428 4795 1702 4876 pistrine
1741 4806 1810 4856 et
1848 4795 2106 4877 pallacii
2154 4796 2219 4857 in
2270 4806 2492 4858 castro
2533 4794 2862 4858 Clementi
2902 4794 3336 4875 carpentario,
3374 4794 3488 4875 qui

288 4906 557 4967 stubam
608 4905 692 4965 de
740 4924 919 4965 nouo
967 4912 1034 4965 et
1080 4903 1435 4983 pallacium
1485 4904 1569 4963 de
1617 4902 1890 4984 antiquo
1940 4901 2199 4964 edificio
2250 4902 2626 4965 construxit
2675 4912 2742 4964 et
2789 4901 3176 4963 reformauit
3232 4912 3298 4961 et
3353 4916 3488 4963 tec-

287 5026 441 5074 tura
506 5012 871 5073 eorundem
940 5010 969 5071 I
1035 5030 1241 5072 mare.
1305 5010 1326 5070 I
1388 5029 1665 5091 pernam
1729 5010 1896 5071 lardi
1966 5020 2031 5071 et
2098 5010 2130 5071 I
2196 5030 2578 5073 mensuram
2646 5009 2924 5089 siliginis
2988 5029 3110 5090 pro
3177 5008 3489 5089 expensis

286 5118 775 5182 coadiuuandO.

506 5226 807 5288 Sabbato
873 5236 1023 5307 post
1090 5224 1490 5286 dominicam
1560 5222 2184 5303 Quasimodogeniti
2235 5224 2438 5306 (11s4)
2485 5244 2606 5303 pro
2656 5224 2788 5285 XL
2835 5244 3072 5304 sexag.
3126 5221 3488 5284 scilindrio-

285 5355 456 5409 rum,
495 5334 863 5416 quamlibet
901 5352 1137 5415 sexag.
1177 5352 1297 5411 per
1341 5332 1359 5391 1
1407 5351 1505 5413 gr.
1547 5330 1645 5391 IV
1688 5331 1913 5392 denar.
1955 5331 2019 5391 in
2072 5330 2430 5413 Oppatlzow
2471 5332 2778 5401 emend0‚
2818 5330 3196 5411 recipiendo
3235 5328 3488 5391 XXIII

284 5452 449 5505 scot.
498 5442 530 5502 I
578 5461 761 5522 quar.
808 5440 895 5502 ad
940 5439 1301 5520 pistrinam.

505 5548 637 5609 Pro
682 5546 817 5609 XL
864 5567 1099 5630 sexag.
1146 5547 1623 5609 clauiculorum
1674 5547 1757 5607 ad
1806 5545 2151 5627 pistrinam
2200 5544 2296 5605 Vl
2351 5556 2510 5607 scot.

506 5656 639 5715 Pro
684 5654 749 5715 V
799 5674 1030 5737 sexag.
1079 5655 1420 5716 clauorum
1470 5651 1701 5715 latlme
1748 5654 1835 5714 ad
1879 5652 2182 5734 lanqaria
2230 5662 2354 5713 etc,
2403 5652 2499 5712 111
2554 5663 2718 5715 scot.
