4592 6559
1005 491 1125 536 202
1803 484 2180 549 REJESTRA
2228 483 2816 536 PODSKARBIEGO
2866 484 3197 536 HINCZKI.
3254 492 3435 552 ¹394·

1005 686 1166 749 item
1214 685 1376 749 feria
1422 685 1489 748 II
1535 685 1680 768 ipso
1726 685 1833 749 die
1879 706 1928 749 s,
1976 685 2327 749 Laurencii
2376 687 2577 768 (1ο18)
2642 705 2765 768 pro
2812 685 2879 747 II
2927 685 3323 748 staminibus
3366 685 3589 766 panni,
3656 687 4039 750 vectoribus
4084 685 4205 749 dni

1004 792 1224 876 Regis
1269 793 1634 857 vestiendis
1680 793 1852 856 VIII
1901 813 2100 857 mare.

999 901 1158 965 item
1205 899 1370 964 feria
1414 899 1515 963 IV
1563 901 1872 983 proxime
1917 901 2224 984 sequenti
2271 901 2325 983 (1
2343 901 2475 983 218)
2522 921 2645 983 pro
2690 900 3007 984 expensis
3043 900 3157 962 dni
3193 899 3733 963 vicethesaurarii
3756 901 3834 963 ·in
3872 899 4203 964 Cracouia

999 1007 1260 1082 iacenti,
1307 1009 1732 1091 expediendo
1778 1009 2090 1094 negocia·
2110 1009 2224 1073 dni
2272 1008 2494 1091 Regis
2540 1029 2693 1072 cum
2742 1008 3111 1072 sartoribus
3156 1007 3337 1072 XIII
3383 1027 3473 1072 sc,
3520 1007 3664 1069 XII
3710 1010 3859 1072 den.

1003 1115 1160 1178 item
1210 1135 1330 1198 pro
1377 1115 1632 1179 XXIII
1647 1117 1708 1198 112
1767 1115 1944 1180 vlnis
1989 1116 2192 1198 panni
2239 1115 2440 1198 grisei
2487 1135 2609 1197 pro
2656 1115 2893 1180 tunicis
2938 1115 3054 1178 dni
3102 1115 3321 1197 Regis
3366 1127 3433 1178 et
3480 1135 3603 1197 pro
3646 1116 3825 1198 palio
3870 1117 4201 1188 venatico,

1000 1223 1228 1286 vlnarn
1277 1243 1400 1308 per
1446 1223 1478 1286 Ι
1524 1222 1668 1286 fert.
1714 1223 2114 1304 recipiendO,
2161 1243 2427 1286 summa
2474 1222 2538 1284 V
2588 1242 2788 1286 mare.
2838 1223 3022 1286 XXI
3068 1242 3157 1287 se.

1215 1328 1498 1394 Summa
1544 1330 1669 1394 LV
1716 1351 1918 1394 mare.
1966 1330 2032 1392 V
2081 1351 2181 1414 gr.

1213 1438 1384 1502 Item
1435 1437 1596 1502 feria
1642 1438 1710 1500 V
1756 1439 2062 1521 sequenti
2109 1439 2312 1522 (13s8)
2360 1456 2482 1520 pro
2534 1439 2595 1518 ¹5¹2
2644 1437 2927 1500 rublone
2974 1437 3135 1501 dato
3180 1439 3312 1500 dne
3350 1437 3624 1520 Regine
3670 1438 3759 1502 ad
3806 1440 4199 1503 mandatum

1004 1545 1147 1608 eius
1193 1546 1482 1628 speciale
1529 1546 1562 1608 I
1608 1567 1808 1611 marc.
1856 1546 1994 1610 VII
2041 1566 2131 1610 se.

1002 1653 1161 1715 item
1211 1653 1507 1718 Paskoni
1554 1654 1852 1717 Furman
1901 1663 1967 1716 et
2015 1654 2145 1716 alio
2211 1651 2507 1716 Paskoni
2571 1650 2923 1735 terrigenis
2986 1652 3073 1713 de
3128 1651 3387 1735 Magna
3452 1651 3731 1714 Polonia
3796 1672 3998 1735 super
4044 1652 4197 1715 XX

1002 1761 1231 1823 hastas
1277 1759 1330 1826 C
1379 1781 1580 1825 marc.

999 1867 1161 1932 item
1209 1868 1317 1931 die
1364 1869 1700 1932 dominico
1748 1869 1950 1952 (1618)
2000 1889 2120 1952 pro
2166 1868 2199 1930 I
2246 1868 2533 1932 stamine
2580 1866 2898 1930 barchani
2944 1867 3033 1930 ad
3078 1867 3467 1931 thezaurum
3516 1866 3547 1928 Ι
3594 1887 3831 1950 sexag.

999 1974 1158 2040 item
1205 1996 1330 2058 pro
1376 1996 1540 2039 auro
1605 1995 1920 2057 percusso
1986 1977 2072 2039 ad
2137 1977 2597 2040 decorandum
2662 1974 3011 2038 ecclesiam
3080 1995 3128 2037 s,
3176 1973 3409 2040 Crucis
3472 1974 3535 2035 in
3586 1972 3841 2038 szsecz
3884 1973 3951 2036 ΙΙ
3998 1993 4199 2038 marc.

999 2081 1032 2144 I
1078 2081 1222 2146 fert.

999 2189 1157 2253 item
1206 2211 1328 2273 pro
1374 2190 1553 2253 XIII
1601 2191 1776 2253 vlnis
1821 2190 2024 2274 panni
2049 2189 2468 2275 futerthuch
2515 2191 2630 2256 dni
2677 2190 2899 2274 Regis
2946 2193 3073 2255 sub
3120 2191 3347 2255 tunica
3393 2200 3461 2254 et
3505 2190 3684 2272 palio
3730 2188 4199 2272 equitatilibus,

999 2317 1122 2378 per
1169 2297 1271 2360 ΙΙΙ
1318 2318 1418 2381 gr.
1465 2299 1694 2361 vlnam
1741 2299 2142 2380 recipiend0‚
2187 2318 2455 2362 summa
2500 2297 2657 2362 facit
2703 2297 2889 2364 XIX
2937 2318 3027 2361 sc.
3074 2299 3107 2362 I
3154 2319 3253 2382 gr.

1001 2403 1162 2468 item
1211 2406 1494 2469 sabbato
1539 2405 1607 2468 in
1655 2405 1764 2468 die
1811 2405 2331 2488 Assumpcionis
2394 2425 2444 2468 s.
2492 2404 2707 2468 Marie
2754 2406 2955 2487 (1518)
3022 2425 3143 2488 pro
3208 2405 3521 2487 expensis
3586 2403 3835 2468 familie
3898 2404 4195 2468 thesauri

1001 2511 1176 2575 circa
1222 2532 1329 2576 res
1374 2512 1728 2576 derelictas
1791 2523 2066 2595 propter
2127 2513 2423 2596 pericula
2486 2513 2879 2577 occurencia
2926 2513 2992 2575 in
3041 2511 3366 2576 Cracouia
3412 2512 3444 2575 Ι
3494 2531 3693 2576 marc.
3742 2520 3811 2574 et
3858 2511 4038 2590 1111s2
4096 2531 4197 2595 gr.

999 2618 1160 2682 item
1207 2639 1332 2702 pro
1396 2620 1713 2702 expensis
1781 2620 2066 2684 nunccio
2130 2622 2216 2683 de
2281 2619 2702 2685 Sandomiria
2769 2641 2919 2684 cum
2987 2620 3192 2683 literis
3256 2619 3368 2684 dni
3435 2618 3655 2700 Regis
3702 2617 3909 2680 misso
3954 2617 4198 2682 Craco-

999 2726 1178 2789 viam
1226 2726 1330 2790 III
1375 2747 1464 2792 sc,

1001 2833 1162 2898 item
1209 2853 1332 2916 pro
1380 2836 1620 2899 calceis
1668 2835 1919 2899 Miscze
1965 2836 2148 2898 socio
2192 2836 2483 2899 thesauri
2534 2837 2599 2900 ΙΙ
2646 2857 2735 2899 se.

1001 2941 1160 3006 item
1207 2941 1370 3006 feria
1417 2943 1519 3006 III
1566 2943 1875 3025 proxima
1921 2943 2227 3025 sequenti
2292 2943 2493 3024 (1818)
2542 2963 2665 3024 pro
2712 2943 3169 3007 conuencione
3216 2962 3467 3016 curruS‚
3530 2941 3895 3024 equitando
3958 2962 4199 3005 versus

1000 3049 1202 3120 Ilcus,
1250 3048 1616 3113 fossoribus
1663 3069 1782 3113 seu
1829 3050 2198 3113 sectoribus
2247 3061 2716 3113 montanorum
2766 3070 3003 3114 versus
3038 3049 3367 3132 Wylnam
3407 3049 3789 3132 dirigendiS,
3836 3059 3903 3112 et
3949 3048 4196 3112 deduc·

1000 3158 1191 3222 cione
1235 3157 1532 3239 ipsorum
1581 3159 1668 3219 ad
1714 3155 2004 3220 Korea-in
2054 3158 2084 3220 I
2130 3177 2365 3240 sexag.

999 3266 1156 3328 item
1205 3285 1330 3348 pro
1375 3263 1694 3346 expensis
1760 3264 2084 3327 vxoribus
2133 3285 2363 3328 eorum
2430 3265 2672 3328 ibidem
2724 3265 2787 3327 in
2840 3263 3037 3336 Ilcns,
3104 3265 3259 3348 quia
3322 3262 3604 3346 predicti
3667 3272 3961 3326 sectores
4008 3283 4197 3325 mon-

999 3372 1154 3446 tani,
1202 3372 1358 3454 quia
1404 3372 1620 3434 nullas
1668 3372 1908 3453 pedem
1958 3374 2044 3434 de
2090 3370 2273 3436 Ilcus
2318 3393 2593 3436 mouere
2642 3375 3017 3446 voluerunt,
3064 3372 3129 3432 V
3178 3394 3374 3437 marc.

1213 3479 1498 3543 Summa
1541 3478 1778 3542 CXIII
1825 3499 2024 3542 marc.
2072 3478 2171 3542 VI
2188 3479 2249 3560 11,
2310 3501 2408 3563 gr.

1213 3586 1385 3649 Item
1431 3585 1596 3650 feria
1641 3585 1742 3648 IV
1788 3597 1940 3668 post
2003 3587 2177 3649 diem
2247 3588 2763 3670 Assumpcionis
2828 3586 3029 3671 (19s8)
3094 3609 3218 3671 pro
3280 3589 3391 3670 1¹3⁵²
3466 3591 3719 3653 talento
3784 3591 4061 3654 cinobrii
4110 3592 4199 3653 ad

1001 3693 1506 3778 depingendum
1555 3694 2014 3757 dormitorium
2063 3695 2177 3756 dni
2225 3695 2449 3778 Regis
2492 3695 2559 3757 in
2608 3707 2829 3758 castro
2875 3695 3301 3760 Cracouiensi
3348 3697 3449 3760 III
3497 3697 3640 3761 fert.

1001 3803 1160 3866 item
1207 3820 1330 3885 pro
1378 3801 1696 3883 expensis
1745 3801 2128 3866 ordinandis
2174 3802 2312 3865 dno
2360 3802 2547 3884 Regi
2612 3813 2679 3864 et
2725 3804 2858 3867 dne
2906 3802 3182 3887 Regine
3229 3804 3293 3866 in
3342 3805 3542 3868 Noua
3588 3806 3856 3869 ciuitate
3906 3804 4195 3868 Korczin

1001 3907 1561 3992 viceprocuratori
1607 3907 1675 3970 X
1729 3928 1927 3972 marc.

999 4017 1160 4080 item
1205 4015 1372 4078 feria
1416 4014 1516 4077 VI
1563 4014 1875 4098 proxima
1922 4014 2122 4098 (2118)
2163 4017 2723 4099 viceprocuratori
2762 4017 2957 4080 Noue
2995 4017 3277 4080 ciuitatis
3312 4019 3493 4081 dicto
3531 4018 3807 4102 Czapca,
3854 4040 3977 4103 pro
4014 4039 4195 4083 com-

1001 4123 1315 4206 parandis
1363 4122 1678 4205 expensis
1725 4122 1876 4186 dnis
1923 4123 2106 4206 Regi
2155 4134 2222 4186 et
2270 4124 2542 4207 Regine
2592 4124 2743 4187 XX
2790 4145 2992 4188 marc.

1001 4231 1160 4294 item
1209 4231 1592 4293 vectoribus
1640 4230 1755 4292 dni
1801 4229 2021 4314 Regis
2085 4230 2302 4292 missis
2347 4232 2433 4293 de
2482 4231 2679 4294 Noua
2744 4231 3011 4295 ciuitate
3076 4252 3197 4313 pro
3262 4235 3419 4296 vino
3485 4243 3553 4296 et
3600 4233 3742 4296 aliis
3808 4234 4195 4296 necessariis

1001 4336 1414 4411 Cracouiam‚
1460 4357 1581 4418 pro
1628 4337 1942 4418 expensis
1991 4337 2091 4398 IV
2140 4357 2240 4420 gr.

1001 4445 1162 4509 item
1209 4445 1493 4508 sabbato
1539 4444 1850 4526 proximo
1899 4447 1954 4526 (2
1967 4445 2100 4526 218)
2149 4445 2497 4508 Hermano
2544 4447 2632 4509 ad
2669 4465 2909 4510 vocem
2956 4448 3071 4511 dni
3117 4447 3339 4532 Regis
3386 4448 3795 4512 cubiculario
3840 4448 4045 4530 ipsius
4082 4449 4195 4512 dni

1002 4551 1224 4636 Regis
1270 4572 1393 4635 pro
1440 4571 1614 4634 equo
1661 4551 1805 4614 eius
1853 4551 1953 4614 III
2001 4572 2200 4615 marc.

997 4659 1157 4724 item
1205 4679 1328 4742 pro
1373 4660 1539 4722 sella
1583 4659 1800 4722 eidem
1851 4658 2204 4723 Hermano
2249 4660 2338 4724 ad
2383 4681 2623 4724 vocem
2670 4662 2784 4725 dni
2832 4661 3051 4746 Regis
3099 4663 3130 4724 I
3178 4661 3321 4726 fert.

999 4767 1156 4830 item
1207 4767 1454 4830 Marko
1502 4765 1786 4851 Vngaro
1834 4770 1920 4830 ad
1966 4787 2207 4830 vocem
2255 4768 2371 4830 dni
2418 4768 2641 4851 Regis
2687 4767 2752 4830 V
2800 4789 3001 4832 marc,

997 4875 1158 4938 item
1205 4873 1518 4958 predictis
1561 4872 1931 4938 fossoribus
1974 4875 2059 4937 de
2106 4872 2309 4946 Ilcus,
2375 4895 2527 4938 cum
2594 4875 2725 4938 iam
2794 4876 3137 4940 nollebant
3183 4877 3249 4940 in
3296 4875 3624 4961 Wylnam
3674 4879 3862 4952 mitti,
3908 4880 4031 4942 sed
4076 4879 4195 4943 do-

999 5002 1186 5046 mum
1231 4979 1742 5056 reuertentibus,
1791 4981 1823 5042 1
1867 4980 2014 5044 fert.

998 5091 1157 5153 item
1205 5108 1329 5171 pro
1375 5088 1689 5170 expensis
1735 5087 1850 5151 dni
1915 5088 2457 5154 vicethesaurarii
2503 5110 2657 5154 cum
2704 5091 3073 5154 sartoribus
3137 5092 3481 5176 regalibus
3544 5092 3825 5157 iacendo
3872 5091 4193 5157 Cracouie

1000 5199 1086 5261 ad
1133 5198 1608 5279 precedentem
1656 5195 2102 5278 septimanam
2151 5197 2218 5259 ΙΙ
2266 5217 2467 5261 mare.
2516 5196 2651 5261 VH
2700 5218 2787 5262 se.
2834 5195 2936 5260 IV
2982 5218 3169 5280 quar.

1001 5304 1160 5368 item
1210 5303 1528 5367 Kuskoni
1575 5303 1814 5368 sartori
1861 5303 1975 5366 dni
2024 5302 2244 5388 Regis
2289 5325 2412 5387 pro
2460 5305 2761 5370 emendis
2808 5305 3097 5386 pellibus
3142 5308 3229 5368 ad
3276 5307 3453 5370 viam
3506 5307 3539 5370 I
3586 5327 3785 5371 mare.

1002 5411 1160 5476 item
1209 5411 1318 5474 die
1363 5410 1698 5476 dominico
1735 5412 2049 5493 proximo
2086 5413 2152 5476 in
2189 5412 2419 5495 vigilia
2456 5433 2505 5476 S.
2544 5413 3000 5476 Bartholomei
3046 5415 3103 5494 (2
3116 5413 3249 5497 318)
3302 5414 3741 5478 Hannuszoni
3788 5415 4194 5478 cubiculario

1002 5519 1118 5584 dni
1165 5517 1386 5602 Regis
1433 5520 1521 5582 ad
1566 5519 2088 5600 dispensandum
2137 5519 2202 5581 in
2249 5519 2360 5582 via
2408 5520 2539 5582 LX
2588 5541 2787 5584 marc.

1217 5625 1500 5691 Summa
1545 5624 1745 5706 C111f2
1806 5645 2006 5690 mare.
2053 5625 2266 5706 ΧἿΙΙῙ2
2327 5648 2426 5711 gr.
