4592 6559
917 416 1042 476 188
1703 428 2084 493 REJESTRA
2131 429 2725 481 PODSRARBIEGO
2766 432 3101 481 mnczm.
3158 438 3341 499 1394.

913 627 1076 689 item
1124 626 1442 692 Cunrado
1487 627 1818 709 pixidario
1865 629 2058 693 ducis
2109 628 2446 693 Witholdi
2508 632 2597 693 ad
2660 632 3051 695 mandatum
3098 632 3321 715 Regis
3364 630 3625 693 literale
3686 628 3871 691 XVI
3916 647 4121 691 marc.

907 733 1066 797 item
1115 754 1238 817 pro
1284 734 1416 797 alio
1462 755 1641 819 equo
1687 737 1776 799 ad
1823 736 2165 819 equiream
2213 746 2463 819 empto,
2507 738 2597 801 ad
2640 740 3033 803 mandatum
3082 737 3305 822 Regis
3348 737 3529 801 XIH
3576 756 3779 801 marc.

907 841 1066 905 item
1115 842 1542 906 Hanusszoni
1589 842 1852 928 Magno
1899 845 1986 907 de
2031 845 2305 908 Prussia
2349 848 2439 909 ad
2481 848 2873 909 mandatum
2920 847 3147 931 Regis
3191 846 3429 909 vocale
3472 844 3649 907 Vm
3692 862 3897 909 marc.

910 949 1072 1014 item
1118 946 1468 1014 Starczino
1512 950 1863 1034 sagittario
1909 952 2026 1016 dni
2072 952 2296 1036 Regis
2342 952 2489 1015 XII
2534 974 2735 1017 marc.

907 1056 1066 1127 item
1113 1077 1240 1139 pro
1285 1057 1356 1121 H
1401 1058 1800 1121 staminibus
1844 1060 2046 1141 panni
2096 1062 2186 1123 ad
2230 1061 2623 1124 thezaurum
2670 1062 2877 1144 empti
2922 1073 2991 1125 et
3036 1062 3288 1143 recepti
3332 1061 3513 1125 XIII
3558 1080 3763 1123 marc.

909 1164 1069 1227 item
1135 1185 1260 1248 pro
1324 1166 1678 1229 ablucione
1745 1168 2162 1241 mensalium,
2227 1168 2825 1253 manutergiorum,
2889 1168 3337 1245 nasticlarum,
3400 1168 3911 1233 lintheaminum
3964 1175 4127 1231 ante

915 1272 1438 1355 Carnisprivium
1488 1284 1558 1335 et
1601 1284 1758 1356 post
1799 1276 1948 1350 hoc,
1991 1276 2343 1358 hucusque
2386 1286 2533 1340 toto
2580 1288 2885 1359 tempore
2932 1277 2965 1340 Ι
3012 1296 3213 1340 mare.

1130 1379 1416 1444 Summa
1461 1382 1674 1444 LXX
1719 1402 1922 1446 marc.
1967 1382 2112 1465 V¹l²¹
2171 1403 2270 1468 gr.

1123 1488 1298 1551 Item
1343 1509 1468 1571 pro
1511 1488 1997 1554 reformacione
2043 1490 2242 1555 trium
2291 1490 2669 1575 gladiorum
2716 1491 3049 1576 regalium
3096 1500 3167 1554 et
3201 1490 3561 1573 paracione
3594 1490 3897 1575 ipsorum
3934 1493 4127 1574 vagi·

909 1615 1151 1658 narum
1197 1616 1320 1677 pro
1365 1606 1510 1660 toto
1554 1599 1786 1661 labore
1831 1597 2007 1661 VIII
2054 1619 2152 1682 gr.

910 1703 1072 1767 item
1137 1704 1418 1769 Heinczi
1483 1704 1905 1769 Theutunico
1977 1707 2182 1789 paulo
2255 1716 2415 1770 ante
2486 1706 2859 1781 nominato,
2941 1708 3030 1769 ad
3102 1706 3499 1769 mandatum
3572 1704 3799 1789 Regis
3871 1704 4129 1767 literale

913 1810 1016 1873 IV
1062 1831 1266 1875 marc.

912 1918 1072 1981 item
1119 1938 1244 2001 pro
1291 1919 1324 1982 I
1370 1918 1593 2002 lapide
1639 1918 1867 1983 czucn'
1899 1941 2024 2004 pro
2069 1920 2491 1986 confectibus
2534 1921 2821 2005 receptis
2866 1922 3003 1985 dno
3046 1920 3237 2006 Regi
3290 1922 3379 1985 ad
3425 1920 3795 1995 Poloniam,
3860 1938 4133 1983 summa

913 2026 992 2089 X
1038 2046 1240 2090 marc.

915 2135 1078 2197 item
1124 2155 1248 2217 pro
1294 2134 1362 2195 V
1405 2135 1680 2218 paribus
1725 2136 2085 2199 calcarium
2135 2136 2323 2221 Regi
2368 2148 2439 2199 et
2482 2156 2607 2219 pro
2652 2136 2685 2199 I
2732 2136 2955 2218 lapide
3000 2145 3069 2200 et
3112 2156 3237 2219 pro
3292 2136 3359 2217 ¹l2
3415 2134 3639 2218 lapide
3677 2138 3767 2199 ad
3802 2144 4129 2199 stateram

917 2243 1402 2325 pertinencium
1449 2263 1572 2325 per
1618 2244 1897 2307 modum
1943 2244 2276 2326 ponderiS,
2326 2243 2545 2307 missis
2591 2244 2941 2306 Poloniam
2989 2244 3127 2307 dno
3172 2243 3361 2327 Regi
3404 2263 3529 2325 pro
3572 2246 3717 2306 toto
3761 2242 3796 2306 Ι
3834 2260 4038 2305 marc.

917 2350 1078 2413 item
1141 2370 1266 2432 pro
1313 2350 1742 2415 extraccione
1805 2351 2146 2434 lignorum
2197 2370 2485 2435 yaszenc
2546 2351 2632 2414 de
2696 2371 2876 2433 aqua
2938 2352 3047 2433 (et)
3112 2351 3440 2415 duccione
3504 2352 3593 2415 ad
3656 2351 3935 2414 domum
3992 2350 4131 2413 De-

921 2456 1138 2521 metrii
1182 2457 1286 2521 IV
1333 2478 1424 2521 se.

919 2566 1078 2627 item
1124 2586 1249 2648 pro
1295 2585 1462 2628 auro
1508 2586 1712 2649 super
1756 2566 2106 2631 confectus
2151 2568 2288 2629 dno
2335 2567 2524 2651 Regi
2569 2567 2658 2629 ad
2701 2564 2883 2629 viam
2928 2565 3033 2628 IV
3076 2586 3167 2629 sc.

919 2673 1080 2736 item
1125 2693 1252 2754 pro
1297 2675 1560 2755 perulla
1602 2675 1918 2739 suberina
1963 2674 2050 2737 ad
2095 2674 2579 2757 imponendum
2634 2674 2809 2737 dicta
2874 2672 3235 2738 electuaria
3278 2683 3348 2736 et
3390 2670 3740 2737 confectus
3786 2674 3877 2737 ad
3920 2673 4136 2735 dnum

924 2781 1200 2864 Regem
1246 2779 1316 2843 H
1362 2800 1462 2865 gr.

922 2888 1082 2951 item
1130 2887 1498 2951 sartoribus
1542 2890 1629 2953 de
1674 2889 1945 2953 ciuitate
1989 2888 2374 2953 iuuantibus
2420 2888 2795 2952 Henricum
2840 2898 3169 2953 sartorem
3212 2890 3351 2953 dno
3388 2888 3577 2973 Regi
3612 2908 3943 2953 consuere
3978 2897 4141 2951 ante

925 2994 1449 3077 Carnispriuium
1496 3005 1564 3059 et
1610 3005 1764 3079 post
1808 2998 1940 3061 hoc
1984 2998 2333 3079 hucusque
2378 3017 2503 3079 pro
2549 3005 2695 3059 toto
2740 2996 2775 3058 I
2821 2994 2967 3059 fert.

927 3104 1088 3167 item
1133 3102 1403 3167 famulis
1449 3103 1640 3179 fabri,
1685 3105 1802 3187 qui
1845 3125 2056 3187 equos
2101 3104 2326 3189 Regis
2370 3102 2719 3167 sufferauit
2762 3102 2865 3166 III
2910 3124 3001 3166 sc.

927 3211 1091 3274 item
1139 3231 1263 3293 pro
1309 3211 1566 3275 crebris
1611 3212 1806 3275 dictis
1849 3210 2044 3287 silba,
2091 3231 2215 3293 per
2259 3232 2393 3293 que
2438 3210 2699 3274 radices
2744 3220 2814 3273 et
2858 3210 3118 3292 species
3161 3218 3303 3273 tute
3348 3209 3725 3274 cribrantur
3768 3210 3837 3271 V
3884 3230 3986 3295 gr.

929 3318 1088 3383 item
1135 3318 1436 3383 Henrico
1481 3320 1722 3383 sartori
1767 3320 1973 3383 misso
2019 3320 2107 3382 ad
2153 3318 2363 3382 dnum
2411 3318 2687 3402 Regem
2734 3337 2973 3381 versus
3026 3317 3354 3402 Magnam
3402 3317 3753 3382 Poloniam
3814 3317 3878 3400 ¹l,
3936 3338 4145 3383 marc.

931 3427 1090 3490 item
1136 3446 1261 3509 pro
1307 3426 1520 3489 serico
1566 3426 1763 3511 nigro
1809 3436 1878 3489 et
1923 3426 2148 3511 griseo
2195 3426 2413 3489 eidem
2461 3425 2496 3489 1
2542 3445 2743 3489 marc.
2790 3424 2977 3487 XXI
3022 3444 3113 3489 sc.

1147 3532 1434 3599 Summa
1477 3532 1694 3597 XVII
1706 3534 1770 3615 ΙΙ,
1828 3554 2031 3597 marc.
2079 3533 2190 3596 IX
2234 3554 2327 3597 sc.
2372 3534 2407 3597 Ι
2454 3554 2554 3617 gr.

1148 3641 1322 3705 Item
1369 3662 1494 3724 pro
1539 3639 1772 3705 flaueis
1815 3639 1946 3705 filis
1993 3642 2211 3705 eidem
2260 3642 2349 3704 ad
2394 3640 2575 3704 viam
2620 3640 2991 3722 predictam
3039 3639 3149 3703 IX
3196 3660 3287 3704 sc.
3332 3641 3367 3704 Ι
3412 3660 3514 3725 gr.

933 3751 1092 3813 item
1141 3769 1266 3833 pro
1311 3748 1442 3811 filis
1487 3748 1658 3813 albis
1703 3748 1923 3813 eidem
1969 3749 2057 3813 ad
2100 3749 2279 3811 viam
2328 3748 2362 3811 I
2406 3747 2552 3811 fert.

936 3858 1096 3921 item
1143 3878 1268 3940 pro
1311 3876 1528 3941 snury
1573 3904 1842 3921 .....
1888 3856 2053 3920 alias
2097 3854 2537 3941 nappersteky
2580 3856 2615 3918 I
2659 3855 2805 3919 fert.

935 3966 1096 4029 item
1145 3984 1270 4047 pro
1317 3963 1634 4046 expensis
1680 3962 2226 4027 vicethezaurarii
2291 3982 2447 4027 cum
2510 3962 2761 4027 familia
2822 3972 2891 4027 et
2942 3962 3313 4027 sartoribus
3368 3962 3437 4027 in
3492 3962 3825 4029 Cracouia
3868 3964 4153 4029 iacentis

938 4072 1008 4136 H
1053 4092 1256 4136 marc.
1302 4071 1456 4135 XX
1499 4091 1589 4135 sc.
1635 4071 1670 4135 Ι
1715 4090 1898 4154 quar.

1154 4180 1326 4243 Item
1375 4178 1712 4243 dominico
1757 4179 2002 4242 Letare
2049 4182 2106 4260 (2
2116 4199 2153 4258 9
2156 4179 2278 4261 s3):
2327 4179 2485 4242 item
2532 4178 2726 4241 fabro
2771 4198 2929 4242 ereo
2973 4199 3097 4261 pro
3142 4177 3211 4239 V
3248 4178 3523 4261 paribus
3568 4180 3936 4245 calcarium
3974 4190 4047 4244 et
4082 4180 4153 4243 H

940 4289 1215 4372 paribus
1261 4297 1639 4369 streparum
1687 4295 1756 4349 et
1801 4286 2204 4369 quibusdam
2252 4286 2552 4371 negociis
2598 4287 2686 4349 ad
2728 4296 3049 4349 stateram
3096 4287 3184 4349 de
3228 4306 3343 4349 ere
3386 4306 3513 4369 pro
3558 4296 3703 4350 toto
3748 4286 3783 4350 1
3828 4308 4035 4353 marc.

941 4396 1102 4460 item
1148 4416 1274 4479 pro
1320 4395 1748 4458 exn-accione
1794 4394 2132 4477 lignorum
2181 4392 2401 4457 iassen
2466 4394 2550 4457 de
2615 4414 2793 4476 aqua
2856 4403 2924 4456 et
2986 4393 3314 4459 duccione
3376 4394 3465 4459 ad
3527 4395 3807 4458 domum
3849 4396 3971 4459 dni
4016 4396 4155 4459 De-

943 4503 1162 4567 metrii
1207 4504 1418 4566 altera
1464 4503 1612 4565 vice
1659 4500 1760 4563 IV
1807 4521 1897 4565 se.

941 4614 1104 4677 item
1152 4632 1277 4694 pro
1322 4631 1491 4674 auro
1537 4628 1742 4691 super
1787 4607 2131 4673 confectus
2175 4610 2461 4692 regales,
2508 4606 2712 4671 misso
2756 4627 2993 4670 versus
3038 4608 3367 4691 Magnam
3414 4607 3769 4673 Poloniam
3814 4608 3883 4671 V
3928 4630 4019 4674 sc.

943 4722 1106 4785 item
1151 4718 1468 4802 predictis
1512 4717 1896 4791 sartoribuS,
1963 4716 2078 4799 qui
2124 4716 2499 4779 Henricum
2546 4734 2872 4779 consuere
2916 4715 3254 4790 iuuabant,
3318 4726 3394 4779 ut
3444 4716 3863 4798 premittitur,
3929 4717 3964 4781 Ι
4010 4716 4155 4782 fert.

944 4830 1105 4893 item
1151 4826 1420 4891 famulis
1465 4824 1638 4888 fabri
1681 4845 1808 4907 pro
1854 4822 2295 4887 sufferacione
2344 4842 2673 4906 equorum
2718 4822 2823 4885 III
2868 4843 2959 4887 se.

945 4937 1105 5000 item
1153 4934 1428 5009 vectori,
1474 4932 1587 5016 qui
1633 4932 1832 4996 duxit
1877 4931 2110 4995 vinum
2158 4940 2226 4993 et
2261 4930 2391 4994 alia
2426 4930 2819 5003 necessaria,
2864 4930 3083 4993 eidem
3120 4950 3244 5012 pro
3280 4930 3768 4996 subseliacione
3804 4952 4159 4997 ocrearum

1031 5046 1052 5083 1

948 5044 1015 5108 Π
1050 5043 1094 5125 lg
1153 5063 1364 5213 gFreria
1409 5148 1514 5211 III
1559 5146 1866 5229 sequenti
1913 5148 1972 5227 (3
1990 5168 2010 5209 1
2020 5144 2141 5230 s3):
2190 5145 2351 5208 item
2397 5144 2463 5207 S
2458 5142 2810 5229 chydlowz‘e
2852 5165 2977 5226 pro
3020 5145 3299 5210 tribellis
3346 5145 3537 5209 celtis
3582 5148 3969 5211 vectoribus
4016 5148 4161 5211 Re·

953 5260 1080 5347 gis,
1127 5258 1242 5342 qui
1286 5255 1665 5322 necessaria
1730 5256 1819 5317 ad
1882 5253 2232 5316 Poloniam
2279 5254 2633 5327 duxerant,
2700 5262 2769 5315 et
2830 5250 3305 5317 sufferracione
3368 5274 3718 5336 equorum,
3782 5264 3858 5319 ut
3922 5266 4163 5338 parent

955 5368 1193 5433 melius
1240 5364 1626 5429 vectoribus
1673 5362 1777 5425 VI
1789 5360 1853 5443 ΙΙ,
1913 5381 2014 5446 gr.

1170 5472 1474 5538 Sabbato
1519 5471 1828 5554 sequenti
1875 5468 2060 5553 (4s4):
2115 5469 2275 5530 item
2324 5468 2596 5549 quando
2643 5468 2817 5531 dnus
2864 5466 3202 5531 Henrieus
3245 5468 3853 5533 vicethezaurarius
3896 5472 3988 5534 ad
4034 5472 4163 5535 Po·
