4592 6559
981 459 1108 524 534
1329 457 1704 520 REJESTRA
1751 444 2176 518 wia-raom«
2227 458 2885 519 wranxoazanzcis
2932 459 3593 508 KRAxowsmEGo,
3654 467 3835 526 ¹4¹9·

981 655 1164 739 regis
1210 655 1516 740 Vngarie
1579 657 1928 720 ceruisiam
1995 668 2535 741 procurauerant,
2601 680 2723 742 pro
2789 661 3029 724 eadem
3098 661 3378 724 ceruisia
3442 661 3767 724 dedimus·
3814 661 3882 724 in
3931 661 4191 743 paratis

978 763 1279 847 pecunijs
1323 764 1400 826 X
1445 785 1606 828 mar.
4068 765 4077 772 ’

1194 870 1654 938 Item2.sabato
1697 875 2002 957 sequenti
2049 875 2363 940 videlicet
2418 877 2493 938 in.
2532 877 2763 960 vigilia
2804 884 3034 940 sancte
3081 876 3419 940 Trinitatis
3466 875 3668 959 (ιο16)
3714 897 3838 959 pro
3884 878 4189 941 semellis

980 979 1072 1058 ad
1107 987 1324 1054 totam
1372 981 1836 1063 septimanam,
1901 982 2057 1065 quia
2101 982 2342 1064 prefati
2384 983 2678 1066 hospites
2742 985 2888 1066 ipso
2922 983 3043 1048 ·die
3091 983 3401 1066 Corporis
3448 983 3691 1047 Christi
3734 986 3921 1066 apud
3967 986 4187 1048 domi-

978 1105 1138 1150 nam
1185 1087 1530 1171 Reginam
1567 1091 2034 1165 comederunt,
2083 1111 2215 1173 que
2261 1091 2515 1154 faciunt
2558 1092 2625 1154 in
2672 1101 2815 1155 toto
2862 1112 3022 1155 mar.
3068 1093 3365 1155 sedecim
3413 1113 3511 1176 gr.

1029 1267 1035 1273 ,
1193 1192 1424 1266 Stacio
1468 1188 1833 1270 reuerendi¹
1865 1197 1932 1260 in
1969 1197 2244 1282 ‘Christo
2293 1198 2497 1280 patris
2543 1209 2611 1261 et
2634 1199 2899 1285 *domini
2944 1209 3067 1262 etc.
3114 1200 3411 1282 episcopi
3455 1199 3982 1264 Mediolanensis
4016 1199 4185 1263 Cra-

985 1303 1177 1365 couie
1207 1302 1371 1366 feria
1399 1305 1607 1367 tercia
1633 1285 1942 1388 proxima
1969 1316 2124 1388 post
2153 1305 2396 1368 festum
2436 1307 2613 1368 beati
2644 1307 2963 1370 Iohannis
2984 1355 3174 1371 .....
3204 1307 3425 1391 (2716),
3460 1307 3569 1371 cui
3595 1307 3913 1370 dominus
3936 1327 4182 1389 procu-

979 1419 1161 1474 rator
1205 1412 1430 1489 omnia
1457 1413 1854 1484 necessaria
1898 1413 2196 1476 victuum
2243 1415 2333 1476 ad
2379 1413 2629 1476 curiam
2678 1415 3060 1495 procurauit
3104 1416 3345 1478 eodem
3393 1415 3536 1478 die:
3585 1415 3747 1478 item
3792 1435 3917 1497 pro
3965 1416 4182 1479 carni-

980 1519 1108 1580 bus
1152 1520 1536 1583 recentibus
1582 1521 1867 1584 bowinis
1915 1520 2014 1582 VI
2062 1531 2226 1584 scot.
2292 1521 2452 1590 item
2501 1541 2623 1603 pro
2668 1521 2875 1592 ariete
2922 1522 3185 1604 integro
3233 1522 3407 1585 VIII
3454 1543 3554 1606 gr.
3598 1522 3759 1586 item
3806 1543 3949 1604 pro-
3976 1523 4183 1604 pullis

978 1625 1331 1689 iuuenibus
1378 1636 1447 1689 et
1511 1628 1880 1710 caponibus
1927 1627 2063 1690 VII
2110 1641 2273 1691 scot.
2339 1628 2499 1691 item
2566 1649 2687 1710 pro
2755 1629 2911 1692 vino
2976 1629 3235 1693 Gallico
3295 1629 3358 1710 ¹l2
3418 1649 3577 1693 mar.
3623 1629 3785 1692 item
3832 1649 3955 1711 pro
4002 1627 4179 1692 VIII

979 1732 1128 1796 ollis
1173 1733 1309 1796 vini
1354 1734 1670 1817 simplicis
1716 1735 1852 1798 albi
1899 1734 2070 1798 VIII
2117 1755 2215 1819 gr.
2257 1736 2421 1798 item
2469 1756 2592 1818 pro
2638 1737 2930 1800 semellis
2976 1749 3045 1799 et
3090 1736 3375 1819 panibus
3412 1736 3513 1798 VI
3562 1757 3661 1820 gr.
3707 1735 3865 1799 item
3904 1739 3992 1799 ad
4030 1736 4179 1800 dies

979 1849 1238 1920 ceteros
1283 1853 1352 1904 et
1398 1843 1781 1918 vltimioreS,
1837 1845 2082 1925 quibus
2145 1843 2457 1907 dominus
2503 1844 2856 1926 episcopus
2903 1845 2969 1906 in
3018 1843 3345 1909 Cracouia
3407 1843 3627 1918 iacuit,
3692 1843 4015 1926 magister
4058 1843 4179 1906 Ni-

979 1947 1210 2012 colaus
1255 1948 1678 2013 ministrabat
1722 1951 1848 2013 sibi
1895 1951 2120 2013 omnia
2166 1950 2250 2013 de
2297 1952 2633 2014 thezauro,

1191 2054 1476 2119 Summa
1522 2057 1880 2140 columpne
1905 2059 2131 2143 huius·
2170 2057 2589 2121 facitXIHI
2636 2078 2797 2122 mar.
2844 2057 2952 2121 IX
3000 2067 3161 2120 scot.
3207 2058 3241 2120 I
3288 2078 3389 2142 gr.

1189 2162 1446 2228 Sabato
1509 2165 1819 2248 sequenti
1883 2166 2203 2247 proxime·
2255 2175 2408 2246 post
2452 2165 2697 2228 festum
2762 2163 3075 2247 Corporis
3140 2164 3380 2228 Christi
3428 2165 3647 2248 (1716)
3710 2175 3781 2228 et
3823 2167 3912 2228 ad
3959 2175 4172 2228 totam

976 2270 1439 2352 septimanam,
1485 2273 1709 2335 dando
1747 2273 2046 2355 quolibet
2083 2273 2190 2336 die
2228 2273 2419 2336 iuxta
2454 2273 2787 2355 hospitum
2828 2271 3215 2336 facultatem
3253 2292 3375 2354 pro
3411 2272 3703 2336 semellis
3738 2273 3827 2334 ad
3864 2293 4173 2335 mensam

978 2378 1254 2463 Regine
1286 2389 1368 2442 -et
1413 2381 1750 2462 hospitum
1799 2401 1961 2445 mar.
2006 2381 2108 2444 VI
2155 2391 2320 2445 scot.
2382 2416 2391 2422 ·

1186 2487 1357 2550 Item
1403 2491 1644 2552 sabato
1709 2489 1854 2572 ipso
1901 2491 2010 2554 die
2073 2489 2255 2553 beati
2319 2488 2637 2571 Iohannis
2698 2489 2989 2570 baptiste
3038 2491 3093 2569 (2
3103 2487 3243 2572 416)
3302 2497 3375 2551 et
3420 2498 3913 2570 consequenter
3956 2488 4175 2550 domi·-

972 2595 1126 2658 nico
1170 2596 1278 2658 die
1323 2607 1391 2660 et
1435 2597 1601 2660 feria
1643 2599 1944 2660 secunda
2007 2617 2131 2680 pro
2193 2596 2491 2660 semellis
2535 2595 2803 2659 domine
2852 2595 3143 2679 Regine,
3209 2596 3435 2658 dando
3479 2615 3600 2677 per
3644 2593 3819 2657 VIII
3866 2615 3964 2678 gr.
4012 2593 4177 2658 facit

971 2704 1117 2767 XII
1163 2713 1323 2768 scot

1185 2811 1361 2875 Item
1407 2810 1574 2874 feria
1619 2812 1826 2874 tercia
1871 2812 2180 2895 sequenti
2226 2810 2536 2893 proxime
2584 2811 2785 2894 (2716)
2832 2821 2902 2874 et
2932 2821 3432 2894 consequenter
3478 2830 3695 2894 usque
3730 2811 3821 2874 ad
3854 2811 4177 2873 sabaeum

972 2919 1152 2992 diem
1196 2919 1356 3002 (117)
1405 2937 1528 3002 pro
1573 2918 1799 2982 iuueni
1845 2919 2120 3003 Regina
2166 2920 2392 2982 dando
2438 2938 2641 3001 super
2686 2918 3009 2983 semellas·
3040 2929 3160 3000 per
3196 2917 3332 2980 VII
3370 2938 3469 3002 gr.
3514 2917 3673 3000 quia
3716 2917 3992 2980 domina
4029 2917 4175 2979 Re-

972 3027 1133 3110 gina
1177 3036 1338 3094 tunc
1385 3036 1756 3090 recesserat
1819 3028 1905 3090 ad
1953 3028 2469 3090 conducendum
2512 3027 2861 3090 dominum
2910 3027 3184 3110 Regem
3251 3027 3335 3092 ad
3380 3025 3913 3108 expedicionem,
3958 3033 4032 3087 et
4074 3023 4173 3086 fa-

973 3134 1158 3204 ciunt
1203 3134 1270 3198 in
1319 3145 1462 3201 toto
1507 3135 1798 3200 mediam
1847 3155 2142 3198 marcam
2165 3183 2168 3186 .
2189 3155 2399 3197 vnum
2450 3154 2782 3219 grossum.
2872 3133 3047 3196 Item
3093 3134 3181 3196 ad
3226 3135 3507 3196 eandem
3576 3141 3790 3196 totam
3852 3132 4177 3215 septima-

974 3262 1246 3306 manam
1283 3262 1537 3309 nouem*
1570 3263 1734 3306 vasa
1769 3241 2064 3316 ceruisie,
2102 3241 2451 3324 quodlibet
2486 3261 2607 3305 vas
2645 3240 3027 3324 recipiendo
3070 3260 3193 3324 per
3229 3239 3416 3303 XXI
3450 3250 3617 3303 scot.
3652 3238 4039 3322 recipiendo
4074 3239 4175 3320 (s),

974 3371 1090 3414 ex:
1111 3350 1357 3433 quibus
1400 3359 1690 3432 quatuor
1732 3369 1856 3432 pro
1912 3350 2164 3431 paratis
2220 3359 2380 3412 sunt
2429 3351 2798 3431 comparati
2842 3359 2913 3413 et
2954 3369 3083 3412 sex
3130 3347 3293 3430 (pro)
3351 3349 3593 3413 brazeo
3636 3348 3727 3410 de
3771 3345 4175 3410 molendinis

971 3468 1131 3525 sunt
1173 3459 1412 3532 soluta,
1457 3456 1638 3539 11111,
1681 3477 1856 3524 mar.

1105 3621 1120 3636 ,
1187 3565 1324 3637 Hic
1367 3564 1547 3628 racio
1572 3563 1868 3628 dimissa
1912 3573 2016 3628 est
2061 3562 2224 3626 feria
2268 3564 2567 3628 secunda
2608 3573 2763 3646 post
2810 3564 3162 3628 Francisei.

1060 3712 1067 3723 =·
1187 3672 1443 3738 Sabate
1490 3672 1554 3735 in
1604 3671 1832 3756 vigilia
1879 3671 2304 3734 Visitacionis
2362 3681 2599 3735 sancte
2646 3671 2861 3734 Marie
2906 3672 2959 3754 (1
2970 3671 3064 3754 17)
3125 3686 3249 3754 pro
3294 3669 3586 3734 semellis
3628 3668 3853 3734 iuueni
3895 3667 4173 3731 domine

973 3781 1250 3867 Regiae
1297 3790 1365 3844 et
1410 3779 1892 3844 domicellabus
1937 3799 2140 3860 super
2184 3788 2397 3842 totam
2444 3779 2889 3860 septimanam
2937 3778 3174 3863 viginti
3220 3782 3357 3844 duo
3402 3797 3495 3842 sc.
3537 3777 3701 3841 item
3747 3777 3838 3838 ad
3882 3776 4171 3838 eandem

973 3899 1214 3956 totam.
1231 3887 1672 3970 septimanam
1711 3896 1968 3968 septem
2005 3906 2174 3950 vasa
2209 3885 2503 3962 ceruisie,
2550 3887 2687 3949 duo
2725 3896 2954 3970 empta
2990 3907 3113 3969 pro
3149 3887 3400 3968 paratis
3434 3885 3735 3968 pecunijs
3770 3903 3895 3966 per
3930 3881 4173 3966 viginti

973 4018 1184 4061 vnum
1232 4005 1393 4060 scot.
1440 4004 1509 4059 et
1553 3995 1848 4078 quinque
1894 4014 2016 4076 pro
2053 3995 2298 4058 brazeo
2337 3995 2423 4056 de
2460 3994 2859 4058 molendinis
2894 3997 3114 4058 soluta
3148 4004 3217 4058 et
3253 3993 3505 4057 faciunt
3547 4001 3809 4076 septem
3855 3989 4171 4054 fertones.

1077 4163 1082 4168 ,
1188 4102 1472 4168 Summa
1518 4103 1877 4185 columpne
1921 4102 2117 4166 huius
2161 4101 2322 4166 facit
2367 4100 2539 4166 VIII
2585 4123 2745 4166 mar.
2792 4102 2869 4165 X
2912 4112 3077 4166 scot.
3126 4103 3158 4165 I
3205 4122 3304 4187 gr.

1189 4209 1446 4275 Sabato
1508 4209 1820 4292 proximo
1885 4219 2038 4290 post
2100 4207 2595 4272 Visitacionern-
2643 4220 2873 4273 sancte
2938 4210 3150 4273 Marie
3215 4210 3373 4294 (817)
3436 4228 3559 4291 pro
3628 4205 3901 4273 domina
3944 4204 4173 4268 iuueni

977 4318 1254 4403 Regina
1300 4337 1453 4382 cum
1499 4316 2006 4390 domicellabuS,
2070 4337 2204 4399 que
2267 4317 2333 4379 in
2402 4316 2729 4380 Cracouia
2790 4326 3271 4392 remanserant,
3317 4325 3385 4378 et
3430 4323 3925 4398 consequenter
3967 4327 4174 4394 super

975 4437 1188 4491 totam
1235 4425 1680 4507 septimanam
1745 4444 1869 4506 pro
1915 4424 2209 4506 semellis
2253 4434 2392 4487 tres
2437 4423 2735 4488 fertones
2780 4445 2955 4488 vnus
3000 4447 3099 4509 gr.
3164 4425 3325 4488 item
3388 4425 3479 4486 ad
3524 4422 3810 4485 eandem
3857 4418 4172 4503 septima·

975 4554 1133 4597 nam
1179 4542 1389 4596 totam
1439 4530 1577 4594 VII
1640 4552 1807 4594 vasa
1852 4531 2131 4594 ceruisie
2177 4551 2331 4594 cum
2378 4532 2411 4594 I
2459 4532 2706 4595 octuali
2768 4553 2893 4614 pro
2955 4532 3212 4596 brazeis
3278 4540 3669 4614 comparato
3726 4539 3803 4592 et
3845 4548 3969 4612 pro
4014 4539 4173 4590 octo

976 4643 1062 4704 de
1118 4639 1175 4703 C
1173 4638 1388 4725 lapara
1432 4659 1554 4721 pro
1600 4639 1849 4721 paratis
1895 4658 2016 4720 pro
2061 4638 2173 4702 XI
2217 4649 2380 4702 scot.
2428 4639 2536 4702 XI
2583 4649 2746 4703 scot.
2804 4653 2807 4656 ’

1190 4745 1446 4811 Sabato
1491 4747 1636 4828 ipso
1683 4746 1792 4810 die
1838 4745 2200 4810 Diuisionis
2257 4747 2745 4829 Apostolorum
2793 4747 2995 4829 (1517)
3062 4755 3129 4808 et
3174 4755 3664 4828 consequenter
3706 4763 3913 4827 super
3956 4753 4169 4806 totam

975 4857 1419 4938 septimanam
1467 4875 1589 4937 pro
1635 4854 1942 4930 semelliS,
1990 4856 2215 4919 dando
2261 4855 2562 4937 quolibet
2607 4855 2713 4918 die
2760 4854 2897 4917 VII
2946 4874 3045 4938 gr.
3094 4863 3161 4916 et
3203 4852 3369 4916 feria
3429 4861 3628 4916 sexta
3691 4851 3870 4932 111¹s,
3927 4872 4026 4935 gr.
4074 4851 4171 4912 iu·

977 4964 1132 5028 ueni
1181 4963 1454 5046 Regine
1501 4971 1571 5026 et
1615 4962 2118 5036 domicellabus
2167 4982 2329 5024 mar.
2368 4963 2587 5025 minus
2626 4972 2915 5044 quatuor
2950 4981 3049 5045 gr.
3094 4961 3257 5024 item
3304 4961 3391 5023 ad
3437 4961 3725 5023 eandem
3770 4968 3984 5022 totam
4020 4979 4171 5040 sep-

976 5072 1297 5134 timanam
1344 5069 1482 5132 VII
1529 5090 1694 5132 vasa
1740 5069 2036 5144 ceruisie,
2105 5071 2240 5133 duo
2286 5079 2515 5154 empta
2558 5090 2681 5152 pro
2746 5069 2997 5152 paratis
3058 5089 3179 5151 per
3223 5067 3409 5132 XXI
3454 5087 3546 5131 sc.
3591 5077 3659 5130 et
3704 5066 4000 5149 quinque
4045 5085 4171 5148 pro

976 5181 1234 5251 braze0‚
1283 5197 1486 5240 marc.
1521 5176 1782 5242 -XVIII
1827 5187 1992 5242 scot.
2065 5209 2070 5214 ·

1191 5286 1362 5348 Item
1408 5285 1644 5348 sabato
1692 5285 1838 5367 ipso
1884 5285 1993 5347 die
2037 5287 2236 5347 beate
2283 5283 2499 5346 Marie
2547 5285 2958 5368 Magdalene
2998 5284 3197 5367 (2217)
3238 5283 3513 5367 Regina
3548 5303 3589 5345 a
3624 5279 3898 5345 domino
3945 5281 4163 5364 Rege,

979 5395 1202 5476 ipsum
1271 5394 1356 5456 ad
1405 5392 1912 5473 expedicionem
1989 5392 2446 5466 conducend0‚
2519 5391 2831 5454 veniente
2906 5391 3315 5466 Cracouiam,
3381 5411 3507 5454 nec
3576 5392 3731 5474 plus
3802 5409 4007 5471 quam
4068 5408 4169 5454 se·

978 5501 1214 5564 mellas
1259 5509 1339 5562 et.
1375 5499 1722 5564 ceruisiam
1769 5499 2092 5562 dedimus
2142 5499 2315 5562 Item
2364 5499 2471 5562 die
2528 5500 2767 5562 eodem
2816 5509 2885 5562 et
2931 5508 3419 5582 consequenter
3462 5518 3665 5581 super
3710 5507 3923 5560 totam
3968 5497 4167 5578 septi·

978 5628 1245 5670 manam
1313 5605 1518 5690 aliqui
1562 5605 1858 5692 hospites
1903 5606 2268 5682 venienteS‚
2334 5606 2449 5690 qui
2492 5616 2720 5669 tamen
2785 5606 3089 5669 canonici
3152 5615 3221 5669 et
3284 5605 3477 5668 multi
3539 5603 3813 5668 fuerunt
3874 5603 4171 5686 hospites
