4592 6559
999 503 1122 563 190
1775 498 2152 563 atses-ma
2205 496 2795 547 PonsxARBnffio
2840 499 3177 548 mncle.
3230 505 3415 565 1394·

983 697 1144 759 item
1189 718 1314 779 pro
1359 698 1494 760 XL
1537 698 1712 761 vlnis
1755 700 1888 762 tele
1933 700 2022 763 ad
2065 699 2497 761 lintheamina
2544 712 2611 760 et
2646 700 2733 761 ad
2770 699 2897 761 alia
2934 700 3313 762 necessaria
3348 700 3583 763 eedem
3622 701 3901 775 ducisse,
3948 703 4179 765 vlnam

987 824 1108 885 per
1153 804 1222 867 11
1265 826 1356 867 50.
1399 827 1666 869 summa
1709 806 1814 869 111
1861 827 2064 870 marc.
2111 807 2282 868 VIII
2328 826 2420 869 50.

983 912 1146 975 item
1195 912 1358 975 feria
1401 913 1504 975 VI
1567 914 1874 997 sequenti
1921 916 2080 997 (8s5)
2145 934 2270 996 pro
2333 914 2791 977 conuencione
2858 914 2993 976 VH
3058 935 3375 977 curruum
3440 916 3727 979 ducendi
3789 917 4177 980 thezaurum

985 1020 1260 1103 Regine
1305 1041 1544 1084 versus
1587 1022 1956 1095 Poloniam‚
2017 1024 2244 1084 dando
2308 1044 2349 1084 a
2396 1022 2699 1104 quolibet
2742 1042 2937 1085 curru
3002 1043 3123 1105 per
3168 1023 3201 1084 I
3246 1043 3447 1085 mare.
3492 1024 4001 1106 septimanatim,
4064 1024 4181 1107 qui

985 1130 1302 1191 conventi
1347 1142 1538 1193 erant
1583 1130 1778 1192 simul
1827 1131 1915 1193 ad
1961 1139 2249 1212 quatuor
2294 1130 2719 1211 septimanas
2764 1150 3031 1194 summa
3078 1129 3399 1192 XXVIII
3448 1150 3647 1193 marc,

983 1236 1142 1298 item
1189 1257 1316 1318 pro
1359 1236 1818 1299 conuencione
1862 1236 1964 1300 VI
2011 1257 2341 1319 equorum
2388 1240 2477 1299 ad
2523 1240 2831 1301 assedam
2880 1238 3157 1321 Regine
3202 1248 3529 1320 quartam,
3592 1240 3816 1303 dando
3862 1240 4181 1303 ebdoma-

981 1343 1188 1405 natim
1235 1364 1361 1425 per
1403 1343 1542 1406 VH
1587 1364 1680 1407 50.
1725 1346 1812 1407 ad
1861 1344 1963 1406 IV
2007 1346 2425 1407 ebdomadas
2468 1344 2627 1407 facit
2673 1344 2739 1404 V
2744 1346 2807 1407 11
2858 1365 3059 1407 marc,

981 1451 1142 1514 item
1205 1472 1328 1533 pro
1392 1452 1758 1515 educcione
1821 1451 1958 1515 fimi
2029 1454 2116 1515 de
2189 1455 2397 1515 domo
2468 1452 2857 1536 Drogosszii
2931 1454 3249 1525 condam,
3330 1473 3509 1514 nunc
3581 1462 3805 1517 autem
3880 1454 4179 1517 thezauri

981 1558 1084 1621 IV
1129 1578 1222 1621 50.

983 1667 1140 1729 item
1205 1668 1492 1730 sabbato
1563 1668 1872 1750 sequenti
1945 1668 2102 1749 (9l5)
2181 1666 2431 1732 Galcze
2504 1668 2739 1731 maiori
2812 1669 2899 1732 ad
2974 1671 3367 1731 mandatum
3441 1670 3557 1733 dni
3629 1669 3851 1753 Regis
3918 1669 4180 1733 literale

983 1775 1212 1837 XXX
1261 1796 1460 1837 mare.

979 1884 1140 1945 item
1187 1903 1312 1964 pro
1356 1884 1430 1945 X
1479 1884 1653 1945 vlnis
1695 1884 1900 1965 panni
1945 1883 2086 1947 dati
2133 1883 2423 1945 XVezoni
2470 1881 2771 1946 familiari
2808 1883 2923 1946 dni
2960 1885 3047 1947 de
3094 1882 3438 1957 Thamari,
3484 1886 3571 1946 ad
3608 1884 3997 1948 mandatum
4036 1885 4179 1947 Re-

981 1990 1090 2073 gis
1133 1991 1404 2065 literale,
1449 1992 1678 2053 vlnam
1727 2011 1848 2073 per
1892 1990 2064 2053 VIII
2109 2012 2201 2054 50.
2245 1991 2349 2053 IV
2396 2012 2597 2055 marc.

1194 2097 1478 2162 Summa
1523 2098 1844 2161 CXXXI
1891 2120 2092 2162 marc.
2139 2099 2242 2161 III
2287 2098 2434 2162 fert.

1192 2205 1364 2269 Item
1409 2226 1536 2289 pro
1581 2206 1732 2269 XX
1778 2207 1952 2269 vlnis
1998 2207 2134 2270 tele
2195 2207 2351 2269 albe
2414 2228 2537 2289 pro
2601 2207 3183 2279 lentheaminibuS‚
3250 2206 3676 2280 mensalibus,
3742 2207 4183 2291 manutergiis

979 2314 1130 2377 duci
1178 2314 1672 2397 Andrzeyconi
1718 2316 1946 2377 vlnam
1995 2334 2116 2397 per
2163 2315 2264 2375 III
2312 2335 2413 2399 gr.
2457 2335 2725 2377 summa
2770 2316 2802 2377 I
2848 2334 3087 2398 sexag.

978 2424 1138 2486 item
1183 2444 1306 2505 pro
1353 2424 1516 2484 vlna
1560 2424 1762 2504 panni
1806 2424 1894 2485 ad
1939 2423 2317 2505 parandum
2366 2423 2663 2485 baiulum
2712 2423 2927 2485 eidem
2976 2423 3127 2485 duci
3175 2433 3245 2485 et
3290 2410 3435 2485 aliis
3472 2424 3701 2485 vlnam
3748 2422 3879 2484 tele
3928 2422 4015 2485 ad
4062 2424 4181 2485 ba-

977 2530 1208 2603 iulum,
1251 2549 1516 2592 summa
1563 2530 1596 2591 I
1641 2529 1782 2593 fert.
1831 2530 1862 2592 I
1909 2540 2122 2613 quart.

976 2638 1134 2700 item
1181 2658 1306 2720 pro
1351 2637 1667 2719 expensis
1713 2648 1780 2699 et
1823 2638 1968 2700 aliis
2015 2638 2405 2701 necessariis
2450 2637 2667 2700 eidem
2718 2638 2869 2700 duci
2918 2648 3239 2718 tempore,
3286 2658 3423 2719 quo
3476 2636 3677 2700 iacuit
3720 2636 3787 2699 in
3834 2636 4179 2710 Cracovia,

978 2758 1052 2809 ut
1097 2746 1163 2808 in
1211 2746 1342 2807 alio
1387 2745 1674 2829 registro
1719 2756 1920 2827 patet,
1969 2744 2112 2807 XV
2157 2766 2361 2808 marc.
2408 2746 2597 2824 ΧΙΙ2
2656 2767 2755 2828 gr.

975 2854 1136 2916 item
1181 2874 1306 2935 pro
1349 2872 1582 2915 rasura
1627 2853 1832 2934 panni
1877 2855 2010 2916 dne
2059 2854 2334 2937 Regine
2380 2873 2582 2934 super
2626 2862 2921 2915 tecturas
2966 2872 3281 2916 curruum
3320 2853 3351 2915 I
3388 2851 3535 2915 fert.

975 2961 1138 3024 item
1183 2981 1308 3042 pro
1353 2960 1760 3024 sotularibus
1805 2960 2071 3024 ducisse
2115 2960 2327 3023 sorori
2374 2960 2597 3042 Regis
2642 2960 2675 3022 I
2722 2980 2923 3023 marc.

977 3070 1138 3132 item
1183 3088 1305 3150 pro
1351 3069 1666 3151 expensis
1709 3068 2130 3151 precedentis
2175 3068 2550 3149 septimane
2595 3066 2787 3131 factis
2834 3089 2953 3150 per
2998 3068 3205 3131 dnum
3266 3068 3637 3131 Henricum
3686 3068 4179 3131 vicethezaura-

973 3176 1148 3239 rium
1193 3176 1262 3239 in
1309 3176 1634 3239 Cracouia
1679 3176 1790 3257 1¹²2
1847 3196 2050 3239 marc.
2098 3176 2200 3238 III
2245 3174 2393 3237 fert.

971 3285 1130 3347 item
1177 3283 1342 3347 feria
1387 3283 1490 3347 III
1535 3294 1691 3366 post
1735 3283 2138 3347 dominicam
2199 3282 2517 3364 Jublilate
2572 3284 2723 3345 Deo
2769 3284 2987 3347 omnis
3034 3286 3087 3365 (1
3104 3306 3135 3347 2
3142 3284 3173 3363 s
3176 3286 3235 3365 5)
3300 3305 3425 3366 pro
3480 3284 3547 3345 II
3602 3284 3868 3346 talentis
3930 3283 4180 3365 piperis

973 3392 1194 3456 missis
1239 3394 1393 3455 duci
1437 3393 1920 3476 Andrzeyconi
1965 3393 2030 3455 in
2077 3392 2347 3455 Nouam
2396 3391 2752 3466 ciuitatem,
2796 3392 2983 3455 fratri
3028 3392 3143 3455 dni
3188 3392 3412 3474 Regis
3458 3390 3569 3453 IX
3612 3410 3701 3454 50.

971 3502 1132 3564 item
1179 3521 1306 3583 pro
1351 3500 1454 3563 IV
1499 3501 1652 3565 lotis
1697 3501 1875 3564 croci
1921 3500 2140 3564 eidem
2187 3500 2220 3563 I
2266 3498 2415 3563 fert.

971 3609 1132 3672 item
1179 3630 1304 3691 pro
1349 3609 1652 3672 saccellis
1695 3609 2008 3690 predictis
2054 3607 2389 3672 radicibus
2434 3607 2581 3671 XII
2627 3607 2775 3671 den.

1187 3716 1246 3779 F
1249 3716 1386 3779 etia
1429 3716 1498 3779 V
1543 3716 1850 3799 sequenti
1897 3718 2128 3801 (14s5):
2173 3715 2334 3779 item
2380 3735 2505 3797 pro
2550 3715 2583 3777 I
2629 3716 2851 3799 lapide
2897 3715 3143 3798 piperis
3204 3716 3293 3778 ad
3356 3716 3743 3777 thezaurum
3790 3712 3905 3776 dni
3951 3713 4178 3796 Regis

975 3824 1078 3886 IV
1121 3844 1324 3887 marc.
1369 3824 1558 3887 XXI
1603 3844 1694 3897 50,

973 3932 1132 3994 item
1177 3952 1302 4013 pro
1347 3931 1417 3995 H
1461 3932 1728 3995 talentis
1775 3930 1954 3995 croci
1998 3931 2069 3994 ΙΙ
2115 3951 2317 3995 marc.
2364 3932 2553 3995 XXI
2598 3951 2689 3993 50.
2942 4002 2951 4007 ,

973 4039 1134 4101 item
1181 4060 1304 4121 pro
1349 4039 1652 4103 saccellis
1698 4039 1890 4102 dictis
1935 4040 2288 4121 speciebus
2335 4050 2403 4103 et
2447 4040 2783 4102 radicibus
2828 4038 2931 4101 III
2978 4048 3193 4121 quart.

1187 4145 1471 4211 Summa
1515 4146 1780 4210 XXIX
1826 4167 2026 4211 marc.
2075 4147 2177 4210 IV
2223 4168 2314 4210 sc.
2362 4147 2465 4209 HI
2510 4148 2661 4211 den.

1187 4256 1358 4317 Item
1405 4275 1527 4337 pro
1573 4254 1677 4317 IV
1723 4254 2120 4318 staminibus
2165 4255 2371 4336 panni
2415 4256 2504 4317 ad
2548 4256 2939 4317 thezaurum
2990 4275 3109 4336 per
3154 4253 3333 4333 111¹,12
3391 4272 3592 4316 marc,
3638 4251 3818 4315 XIV
3863 4271 4066 4315 marc,

974 4363 1134 4425 item
1180 4383 1302 4444 pro
1350 4362 1453 4424 IV
1499 4362 1896 4425 staminibus
1938 4362 2257 4425 barchani
2304 4363 2391 4425 ad
2436 4364 2827 4425 thezaurum
2876 4382 2995 4444 per
3040 4362 3073 4425 I
3120 4382 3324 4424 mare.
3371 4371 3438 4423 et
3482 4360 3587 4423 IV
3632 4381 3723 4423 sc.
3768 4379 4035 4423 summa
4080 4358 4173 4420 fa-

974 4471 1064 4533 cit
1109 4470 1212 4533 IV
1259 4490 1458 4533 marc,
1505 4480 1572 4531 et
1615 4469 1796 4531 XVI
1842 4490 1932 4533 50.

973 4579 1134 4641 item
1181 4598 1304 4660 pro
1351 4577 1582 4639 XXX
1629 4576 1800 4640 vlnis
1847 4578 1980 4640 tele
2027 4578 2233 4639 crude
2280 4579 2367 4639 ad
2413 4579 2804 4641 thezaurum
2841 4577 2957 4639 dni
2994 4577 3217 4660 Regis
3252 4597 3373 4658 per
3408 4576 3443 4638 I
3480 4596 3580 4660 gr.
3618 4576 3685 4637 Π
3724 4577 3874 4639 den.
3908 4594 4171 4637 summa

973 4685 1131 4749 facit
1176 4686 1208 4748 I
1256 4705 1460 4749 marc.
1506 4685 1658 4747 XX
1705 4705 1795 4748 sc.

971 4794 1133 4858 item
1179 4813 1302 4877 pro
1345 4802 1694 4876 portatura
1739 4792 2190 4874 predictorum
2237 4794 2326 4855 ad
2374 4802 2669 4855 castrum
2715 4792 2750 4856 I
2796 4813 2897 4876 gr.

973 4903 1130 4966 item
1178 4923 1300 4984 pro
1347 4902 1663 4983 expensis
1708 4901 2130 4982 precedentis
2175 4900 2545 4982 septimane
2610 4920 2730 4981 per
2775 4901 2983 4964 dnum
3052 4900 3421 4964 Henricum
3477 4897 3671 4962 factis
3732 4898 3799 4961 in
3846 4896 4171 4961 Cracouia

973 5010 1346 5072 ordinando
1391 5008 1570 5072 facta
1617 5008 1840 5091 Regis
1884 5010 1972 5071 ad
2021 5008 2415 5071 mandatum
2464 5008 2607 5070 eius
2652 5008 2763 5087 Ι”,Β
2822 5028 3023 5071 mare.
3070 5008 3250 5070 XIII
3266 5008 3327 5087 ¹22
3385 5027 3475 5070 50.

971 5118 1130 5180 item
1179 5137 1302 5199 pro
1348 5116 1415 5178 II
1463 5116 1795 5197 lapidibus
1833 5116 2208 5200 smigmatis
2255 5115 2473 5177 missis
2516 5136 2636 5198 per
2684 5116 3078 5199 magistrum
3110 5116 3528 5189 Monaldum‚
3567 5114 3856 5196 lapidem
3885 5133 4005 5196 per
4030 5112 4169 5175 VII

971 5244 1064 5287 50.
1108 5244 1373 5288 summa
1417 5223 1575 5286 facit
1623 5223 1810 5287 XXI
1856 5244 1944 5286 se.

972 5331 1131 5393 item
1178 5352 1300 5413 pro
1345 5332 1774 5394 extraccione
1821 5331 2157 5414 lignorum
2190 5348 2439 5415 yassen
2484 5331 2570 5394 de
2616 5351 2793 5414 aqua
2838 5342 2905 5393 et
2950 5331 3319 5393 aduccione
3384 5330 3471 5393 ad
3535 5331 3812 5393 domum
3867 5328 4167 5412 Drogos-

974 5438 1138 5502 schii
1184 5438 1252 5502 II
1299 5458 1388 5501 sc.

973 5546 1133 5609 item
1181 5566 1302 5628 pro
1349 5545 1494 5607 VIC
1541 5545 1890 5609 scilindriis
1943 5567 2146 5628 super
2209 5547 2486 5609 domum
2551 5548 2948 5629 predictam,
3015 5547 3067 5611 C
3114 5567 3235 5629 per
3280 5546 3313 5608 I
3360 5567 3459 5630 gr.
3516 5544 3662 5609 XII
3708 5547 3858 5609 den.
3904 5564 4167 5608 summa

973 5652 1130 5717 facit
1175 5653 1251 5716 X
1295 5673 1398 5737 gr.
