4592 6559
982 488 1102 565 158
1767 498 2144 566 REJESTRA
2199 501 2788 551 PODSKARBIEGO
2836 504 3169 555 HINCZKI.
3226 512 3408 571 1393.

1189 700 1360 765 Item
1409 721 1531 784 pro
1580 701 1646 765 ΙΙ
1693 702 1996 785 partibus
2040 723 2294 787 sagene
2344 703 2536 767 dictis
2575 702 2729 789 poly
2772 704 2860 769 ad
2907 704 3415 787 expedicionem
3454 707 3541 771 ad
3578 726 3905 790 sagenam
3932 706 4179 771 debitis

973 828 1093 872 seu
1139 807 1622 891 pertinentibus
1669 808 1778 890 ΙΙΙΞ
1838 830 2038 874 marc.
3948 824 3955 832 '

972 915 1132 979 item
1181 936 1305 999 pro
1351 914 1510 979 fune
1557 917 1640 980 de
1687 916 1836 999 pilis
1884 918 1972 982 ad
2019 920 2395 1001 parandum
2443 917 2608 983 wlok
2652 920 2905 986 dictum
2952 923 3039 985 ad
3076 922 3261 987 rethe
3288 921 3543 987 dictum
3576 919 3928 1007 drgubicza
3954 923 4057 987 IV
4084 944 4178 989 sc.

972 1024 1132 1087 item
1179 1044 1302 1107 pro
1348 1025 1628 1107 plumbo
1674 1034 1742 1089 et
1791 1023 2036 1091 bnosco
2080 1029 2168 1091 ad
2214 1028 2505 1092 eundem
2553 1030 2737 1093 rethe
2784 1029 2817 1092 I
2862 1028 3008 1094 fert.

973 1131 1132 1195 item
1181 1152 1304 1215 pro
1349 1131 1619 1197 funibus
1666 1134 1981 1217 canapeis
2027 1144 2096 1199 et
2139 1133 2270 1199 filis
2316 1136 2403 1199 ad
2448 1136 2701 1200 dictum
2750 1136 2987 1201 newod
3022 1137 3509 1219 pertinentibus
3552 1138 3619 1201 V
3666 1160 3756 1203 sc.

973 1240 1133 1302 item
1182 1261 1306 1324 pro
1353 1260 1548 1303 curru
1595 1241 1730 1304 leui
1777 1240 1956 1306 dicto
2002 1262 2379 1328 reynwayn,
2426 1264 2580 1307 cum
2627 1244 3051 1309 reclinatorio
3097 1244 3277 1309 dicto
3303 1244 3593 1330 poklath
3639 1246 3707 1309 II
3752 1266 3953 1311 mare.

973 1348 1132 1415 item
1181 1347 1346 1413 feria
1393 1348 1458 1411 ΙΙ
1504 1349 1814 1431 proxime
1859 1350 2164 1433 sequenti
2214 1349 2417 1433 (14l7)
2461 1372 2589 1433 'pro
2636 1352 2737 1415 III
2785 1351 2989 1415 tafftis
3034 1352 3205 1417 albis
3249 1373 3373 1435 pro
3418 1353 3645 1436 iopula
3688 1354 3995 1417 facienda
4040 1354 4177 1417 dno

979 1456 1165 1541 Regi
1209 1466 1279 1520 et
1323 1456 1710 1520 consuendo
1759 1476 1943 1520 more
1991 1457 2268 1533 Gallico,
2317 1458 2689 1541 quamlibet
2734 1479 2854 1542 per
2899 1459 2965 1523 V
3014 1480 3215 1525 marc.
3262 1460 3660 1543 recipiendO,
3708 1481 3974 1526 summa
4018 1460 4177 1526 facit

973 1565 1118 1628 XV
1167 1584 1368 1629 marc.

977 1674 1136 1737 item
1182 1693 1306 1756 pro
1352 1683 1603 1737 statera
1648 1672 1826 1737 dicta
1871 1692 2058 1759 wagy
2101 1674 2190 1737 ad
2235 1676 2627 1737 thezaurum
2676 1675 2742 1737 II
2788 1696 2877 1739 se.

977 1781 1139 1845 item
1186 1801 1310 1863 pro
1355 1780 1577 1844 cordis
1623 1790 1694 1843 et
1738 1780 2040 1865 negociis
2085 1802 2320 1845 currus
2364 1780 2557 1845 dictis
2606 1780 2822 1866 lanwy
2869 1782 2900 1845 Ι
2948 1781 3089 1845 fert.

976 1889 1136 1953 item
1184 1908 1306 1970 pro
1352 1887 1640 1973 cingulis
1685 1908 2009 1972 equorum
2058 1889 2248 1952 dictis
2302 1894 2657 1973 poprangy
2702 1890 2789 1953 ad
2837 1892 3109 1973 liganda
3160 1890 3445 1953 tentoria
3490 1891 3605 1954 dni
3652 1892 3875 1975 Regis
3939 1884 4039 1955 IV
4086 1912 4180 1955 sc,

979 1977 1138 2061 item
1193 2016 1317 2079 pro
1363 1994 1492 2059 filis
1564 1998 1652 2060 ad
1725 1996 2146 2061 consuendas
2211 2006 2507 2059 tecturas
2580 2017 2893 2061 curruum
2960 2008 3029 2061 et
3093 1999 3179 2061 ad
3244 1998 3666 2061 emendanda
3730 1997 4011 2062 tentoria
4079 2019 4177 2061 re-

981 2102 1161 2189 galia
1208 2103 1273 2165 V
1319 2124 1410 2168 sc.

977 2213 1134 2276 item
1183 2233 1306 2294 pro
1352 2212 1615 2295 perulla
1657 2211 1989 2284 subm-ina,
2055 2212 2120 2275 in
2187 2234 2324 2296 qua
2370 2212 2716 2275 confectus
2782 2223 2849 2275 et
2894 2212 3250 2276 electuaria
3297 2215 3383 2276 ad
3422 2212 3931 2296 expedicionem
3977 2215 4183 2278 ducta

978 2333 1135 2383 sunt
1179 2321 1316 2382 dno
1367 2318 1548 2403 Regi
1596 2318 1662 2381 in
1713 2319 2100 2383 Zarnowecz
2147 2321 2178 2382 I
2227 2341 2325 2404 gr.

976 2429 1135 2491 item
1184 2427 1452 2490 duobus
1497 2426 1880 2490 vectoribus
1923 2438 2077 2509 post
2122 2427 2300 2491 diem
2348 2449 2398 2491 S.
2448 2429 2663 2492 Marie
2710 2448 2751 2490 a
2796 2430 3066 2512 popu10,
3132 2430 3245 2511 qui
3302 2430 3614 2493 conuenti
3678 2440 3871 2492 erant
3936 2431 4179 2493 ducere

977 2555 1214 2602 currus
1259 2535 1346 2599 ad
1393 2534 1920 2617 expedicionem,
1965 2535 2235 2599 cuilibet
2281 2557 2322 2599 a
2369 2536 2471 2599 IV
2519 2537 2711 2619 equis
2776 2556 2897 2618 per
2942 2537 3009 2599 II
3056 2554 3293 2621 sexag.
3358 2557 3623 2599 summa
3686 2535 4179 2619 septimanatim

977 2642 1044 2705 V
1093 2663 1294 2707 mare.

1193 2750 1477 2815 Summa
1523 2750 1779 2813 XXIV
1826 2770 2026 2817 mate.
2074 2750 2224 2813 XX
2269 2772 2361 2815 se.
2409 2750 2440 2813 Ι
2488 2772 2587 2835 gr.

1193 2860 1366 2923 Item
1414 2858 1623 2922 tercio
1669 2858 1924 2922 vectori
1971 2878 2012 2920 a
2057 2859 2323 2922 duobus
2370 2860 2676 2923 curribus
2722 2859 3022 2923 similiter
3067 2862 3154 2923 ad
3194 2860 3635 2942 septimanam
3684 2881 3805 2943 per
3843 2860 3911 2923 II
3948 2880 4180 2944 sexag.

979 2988 1244 3033 summa
1289 2966 1446 3030 facit
1491 2966 1558 3029 V
1606 2986 1808 3029 mare.

979 3076 1139 3139 item
1187 3095 1312 3158 pro
1357 3076 1424 3138 II
1471 3074 1651 3137 cistis
1698 3074 1982 3157 magnis,
2047 3095 2250 3137 vnam
2300 3096 2423 3156 pro
2470 3074 2884 3138 vestimentis
2930 3085 2995 3137 et
3044 3074 3241 3138 aliam
3306 3096 3431 3157 pro
3478 3074 3679 3137 armis
3726 3074 4070 3159 regalibus
4116 3084 4183 3137 et

981 3184 1257 3247 terciam
1306 3182 1671 3246 cisticulam
1728 3202 1852 3264 pro
1899 3181 2238 3264 peccuniis
2293 3182 2773 3246 conseruandis
2837 3195 2906 3244 et
2968 3182 3287 3245 sedilibus
3350 3184 3434 3247 de
3500 3183 3789 3266 corrigio
3854 3202 3979 3264 pro
4041 3192 4183 3246 toto

982 3290 1083 3353 IV
1098 3291 1162 3372 ΙΙ,
1221 3310 1420 3354 marc.

981 3398 1142 3462 item
1189 3418 1313 3480 pro
1359 3407 1702 3480 portatura
1749 3398 2062 3461 cistarum
2112 3398 2581 3480 predictarum,
2628 3418 3009 3461 mensarum
3058 3410 3125 3460 et
3162 3398 3465 3461 sedilium
3507 3399 3610 3462 ΙΙΙ
3648 3410 3865 3482 quart.

981 3507 1144 3571 item
1192 3526 1315 3587 pro
1360 3506 1785 3569 licuminibus
1830 3507 1918 3569 ad
1965 3504 2473 3588 expedicionem
2540 3505 3011 3587 comparandis
3073 3524 3197 3587 pro
3264 3504 3627 3569 luminibus
3690 3506 3943 3589 paratis
3998 3504 4183 3568 XIX

983 3636 1071 3679 sc.
1117 3615 1153 3678 I
1199 3635 1298 3699 gr.

983 3724 1141 3787 item
1189 3721 1355 3786 feria
1399 3720 1502 3784 IV
1549 3721 1614 3784 in
1665 3720 1954 3785 crastino
2002 3720 2217 3785 Marie
2265 3721 2675 3805 Magdalene
2722 3720 2925 3803 (23s7)
2973 3740 3097 3802 pro
3145 3720 3295 3783 XX
3341 3720 3595 3784 balistis
3642 3720 3859 3783 missis
3906 3720 3971 3783 in
4012 3718 4183 3782 Wil-

985 3850 1160 3905 nam,
1209 3829 1590 3911 recipiendo
1638 3828 2006 3912 quamlibet
2049 3849 2171 3911 per
2217 3828 2250 3891 I
2298 3849 2499 3892 mare.
2549 3829 2612 3890 V
2650 3849 2739 3893 sc.
2776 3849 3041 3892 summa
3078 3827 3236 3891 facit
3266 3827 3520 3891 XXIV
3550 3848 3749 3891 marc.
3780 3848 3933 3891 curn
3965 3826 4067 3890 IV
4092 3848 4186 3889 sc.

984 3941 1144 4003 item
1190 3936 1421 4001 lorifici
1467 3936 1648 4000 dicto
1684 3936 2007 4021 platnerz,
2057 3936 2172 4018 qui
2219 3956 2373 4000 curn
2420 3937 2558 3999 dno
2606 3936 2812 4019 Rege
2876 3938 2963 3999 ad
3028 3936 3535 4019 expedicionem
3600 3934 3882 4000 transire
3939 3934 4184 4008 debuit,

984 4068 1108 4133 pro
1153 4046 1262 4110 via
1308 4046 1376 4109 II
1425 4064 1622 4109 mare.

983 4156 1143 4220 item
1190 4152 1524 4236 piscatori,
1570 4152 1687 4235 qui
1731 4151 1942 4215 eciam
1991 4152 2079 4215 ad
2125 4151 2637 4233 expedicionem
2676 4172 2829 4216 cum
2867 4154 3004 4215 dno
3042 4152 3246 4236 Rege
3282 4150 3563 4215 transire
3600 4150 3851 4225 debuit,
3888 4152 3975 4214 ad
4005 4150 4181 4213 viam

992 4264 1056 4345 ¹,1'2
1116 4282 1317 4325 mare.
2265 4256 2276 4266 ’

981 4376 1138 4437 item
1186 4391 1309 4453 pro
1355 4388 1573 4433 auena
1619 4378 1686 4430 et
1729 4366 1886 4429 feno
1933 4366 2076 4429 XII
2142 4366 2331 4450 equis
2378 4366 2619 4448 emptis
2683 4378 2847 4449 aput
2904 4368 3242 4451 quendam
3300 4367 3661 4451 Vngarum
3727 4366 3792 4428 in
3860 4364 4183 4429 Cracouia

993 4484 1056 4562 1]ἒξ
1115 4499 1314 4542 mare.

979 4588 1137 4651 item
1186 4606 1308 4669 pro
1355 4584 1536 4647 vasis
1579 4582 1774 4646 dictis
1824 4580 2050 4653 beczkzL
2117 4582 2184 4644 in
2231 4581 2476 4663 quibus
2524 4582 2805 4646 ceruisia
2852 4581 3249 4646 Zatoriensis
3294 4583 3382 4645 ad
3429 4580 3935 4664 expedicionem
3982 4580 4187 4662 recipi

979 4694 1228 4768 debuit,
1273 4693 1340 4755 V
1388 4713 1476 4755 se.

1195 4800 1478 4864 Summa
1526 4796 1897 4862 XXXVII
1944 4816 2144 4859 mare.
2191 4795 2407 4859 XVII
2452 4816 2543 4859 sc.
2602 4796 2665 4875 ΙΙ,
2724 4817 2821 4879 gr.

1196 4909 1368 4971 Item
1417 4928 1540 4989 pro
1587 4904 2106 4968 circumfusione
2151 4903 2317 4985 picis
2363 4904 2731 4967 eorundem
2778 4923 3095 4967 vasorum
3142 4904 3175 4967 I
3222 4926 3311 4967 se.
3726 4978 3733 4984 .

979 5019 1142 5080 item
1191 5014 1355 5079 feria
1401 5014 1468 5076 V
1515 5014 1580 5077 in
1629 5012 1866 5097 vigilia
1911 5034 1961 5075 s,
2001 5010 2237 5093 Jacobi
2304 5009 2591 5092 apostoli
2649 5011 2851 5095 (24s7)
2916 5031 3039 5093 pro
3104 5012 3557 5093 seduplicibus
3622 5010 3835 5075 ocreis
3898 5011 4187 5075 vectoris

980 5125 1096 5188 dni
1142 5122 1381 5206 RegiS,
1428 5121 1779 5204 quodlibet
1823 5140 1945 5202 par
1989 5139 2112 5200 per
2155 5117 2222 5180 V
2269 5138 2359 5182 sc.
2408 5138 2673 5181 summa
2717 5117 2879 5181 facit
2924 5118 2957 5180 I
3003 5138 3240 5202 sexag.

982 5232 1142 5295 item
1189 5252 1310 5315 pro
1356 5230 1604 5312 patella
1649 5239 1880 5310 empta
1925 5228 2011 5291 ad
2059 5246 2292 5291 currus
2340 5224 2587 5288 tezauri
2647 5226 2709 5305 ¹,s2
2768 5245 3003 5310 sexag.

982 5342 1140 5404 item
1188 5360 1311 5423 pro
1357 5337 1712 5401 ablucione
1760 5353 2163 5419 magnorum
2212 5332 2769 5397 lectisterniorum
2816 5332 2931 5396 dni
2978 5332 3201 5417 Regis
3238 5352 3357 5397 seu
3397 5334 3840 5397 tentoriorum
3883 5335 3946 5415 ¹l2
3989 5354 4190 5399 marc.

981 5449 1142 5511 item
1189 5466 1314 5530 pro
1359 5443 1488 5509 filis
1533 5445 1621 5508 ad
1666 5444 2128 5508 consuendum
2178 5442 2418 5505 eadem
2466 5440 2754 5505 tentoria
2798 5439 2867 5502 II
2913 5459 3003 5503 se.

983 5556 1146 5620 item
1192 5574 1314 5638 pro
1361 5554 1554 5638 nigra
1600 5550 1882 5616 ceruisia
1927 5552 2014 5614 ad
2059 5550 2509 5632 supplendum
2556 5568 2697 5622 vae,
2752 5547 2935 5630 quod
2979 5546 3413 5612 distillauerat
3459 5550 3545 5611 de
3592 5548 4005 5613 Zathofiensi
4049 5568 4189 5612 cer·

986 5662 1167 5738 uisia,
1215 5661 1282 5724 V
1328 5682 1417 5725 se.
