4592 6559
1006 507 1129 567 522
1352 501 1732 566 REJESTRA
1778 486 2203 562 WATRoBm
2250 499 2910 562 leLKoRzAchY
2956 499 3618 551 KRAKowsKIEc-o.
3677 491 3858 564 1418.

1005 702 1323 764 mandato
1371 702 1625 765 domini
1672 701 1895 786 Regis
1963 702 2050 764 ad
2096 701 2642 784 conspiciendum
2708 702 3036 782 templum
3086 701 3151 762 in
3221 699 3439 772 Vz'lna,
3489 700 3790 783 quinque
3835 721 3998 763 mar.
4049 699 4206 763 item

1002 827 1127 888 pro
1192 809 1511 891 expensis
1575 807 1911 872 Climkoni
1976 809 2302 892 equitanti
2367 829 2522 872 cum
2588 808 2842 871 eisdem
2907 808 3112 869 rebus
3171 807 3233 887 ¹l2
3295 827 3452 870 mar.
3519 808 3680 870 item
3737 829 3860 890 pro
3925 808 4208 870 clauulis

1001 915 1229 996 paruis
1275 927 1342 979 et
1390 917 1656 1000 magnis
1702 926 1771 979 et
1816 917 1963 1000 alijs
2006 915 2373 980 serimentis
2437 917 2524 978 ad
2573 913 2824 978 Lublz'n
2873 936 2961 978 ex
3011 915 3334 978 mandato
3399 915 3635 978 literali
3681 915 3936 978 domini
3981 915 4206 998 Regis

1002 1033 1293 1103 quatuor
1338 1043 1499 1087 mar.
2851 1033 2858 1040 ’

1215 1127 1498 1196 Summa
1543 1133 1902 1212 columpne
1949 1131 2146 1194 huius
2191 1129 2352 1194 facit
2399 1130 2678 1213 triginta
2723 1128 2897 1192 VIII
2947 1149 3105 1192 mar.

1216 1235 1552 1300 Secuntur
1596 1237 1951 1302 distributa
2016 1258 2138 1320 pro
2184 1238 2484 1300 stacione
2549 1236 2772 1299 inclite
2837 1236 3154 1318 principis
3216 1237 3486 1299 domine
3552 1236 3904 1300 Elizabeth
3972 1239 4206 1322 regine

1003 1341 1303 1418 Polonie,
1367 1344 1565 1408 simul
1630 1364 1782 1408 curn
1848 1345 2073 1408 iuueni
2141 1344 2418 1427 Regina
2462 1344 2529 1406 in
2579 1341 3030 1415 Proschouzte,
3098 1342 3264 1405 feria
3328 1345 3628 1408 secunda
3688 1345 3862 1408 infra
3927 1355 4208 1410 octauas

1001 1451 1215 1513 sancti
1262 1451 1717 1514 Bartholomei
1766 1451 1966 1535 (29s8)
2015 1453 2101 1515 ad
2148 1471 2404 1514 cenam.
2488 1451 2660 1514 Item
2707 1450 2926 1532 primo
2973 1471 3094 1532 pro
3140 1471 3278 1515 vno
3321 1471 3608 1532 peccore
3652 1452 3814 1515 viuo
3859 1473 3996 1516 vna
4043 1473 4206 1516 mar.

999 1567 1141 1620 tres
1185 1577 1275 1620 sc.
1324 1559 1484 1622 item
1531 1579 1707 1622 vnus
1754 1559 1927 1621 aries
1971 1559 2056 1622 de
2102 1559 2351 1621 allodio
2398 1558 2626 1642 regali,
2695 1558 2854 1630 item
2902 1577 3024 1640 pro
3073 1557 3350 1640 triginta
3395 1577 3524 1620 sex
3570 1559 3788 1640 pulliS,
3835 1562 4206 1642 quemlibet

1002 1665 1385 1748 recipiendo
1432 1686 1553 1748 per
1596 1665 1743 1730 XII
1782 1666 2107 1740 denarios⁹
2146 1666 2291 1728 XII
2329 1666 2514 1740 scoti,
2560 1666 2719 1728 item
2767 1665 2872 1728 lac
2921 1676 2988 1727 et
3034 1685 3260 1727 crema
3306 1675 3498 1730 erant
3543 1666 3827 1748 propria,
3873 1667 4036 1732 item
4081 1689 4208 1750 pro

1000 1771 1213 1836 tribus
1260 1773 1444 1840 aucis
1508 1773 1679 1837 viuis
1725 1784 1862 1836 tres
1910 1794 2008 1858 gr.
2073 1774 2231 1836 item
2280 1793 2403 1857 pro
2468 1774 2734 1836 duobus
2797 1773 3077 1856 sugellis
3142 1782 3430 1854 quatuor
3476 1793 3576 1856 gr.
3638 1773 3802 1836 item
3857 1795 3980 1856 pro
4027 1796 4210 1858 pane

1002 1881 1158 1942 albo
1205 1880 1308 1942 III
1356 1901 1445 1946 sc.
1492 1881 1652 1944 item
1701 1901 1822 1962 pro
1870 1881 2060 1944 lardo
2109 1892 2398 1964 quatuor
2441 1900 2531 1942 sc.
2578 1880 2737 1944 item
2785 1900 2908 1961 pro
2955 1881 3168 1942 tribus
3213 1880 3590 1942 octualibus
3636 1881 3914 1946 ceruisie
3960 1883 3991 1945 1
4043 1903 4210 1948 mar.

1000 1995 1137 2049 tres
1182 2007 1271 2049 sc.
1320 1988 1478 2050 item
1526 2007 1649 2070 pro
1698 1987 1917 2051 media
1972 2007 2320 2071 sexagena
2367 1987 2800 2050 scutellarum
2849 1986 2915 2048 II
2963 2007 3052 2050 sc.
3118 1986 3277 2049 item
3328 2007 3448 2068 pro
3495 1986 3643 2050 ollis
3688 1997 3824 2050 tres
3873 2009 3974 2073 gr.
4039 1990 4208 2054 item

1004 2093 1259 2158 milium
1308 2105 1377 2158 et
1424 2093 1554 2158 alia
1600 2104 1790 2157 erant
1835 2095 2119 2177 propria.
2635 2101 2640 2106 “

1216 2199 1391 2264 Item
1436 2199 1599 2264 feria
1645 2202 1853 2266 tercia
1917 2203 2002 2264 ad
2051 2201 2406 2285 prandium
2473 2201 2540 2264 in
2606 2198 3042 2264 Prosckouz'ce
3062 2224 3086 2260 .·
3152 2201 3308 2264 item
3375 2221 3498 2282 pro
3563 2202 3876 2266 carnibus
3941 2203 4212 2266 bouinis

1002 2305 1103 2374 VI
1150 2328 1239 2370 se.
1286 2308 1447 2371 item
1495 2329 1617 2390 pro
1664 2310 1862 2391 pullis
1908 2319 2061 2374 octo
2108 2330 2198 2372 se.
2247 2309 2406 2372 item
2455 2329 2579 2390 pro
2625 2329 2800 2390 pane
2848 2308 3006 2371 albo
3043 2307 3110 2369 ΙΙ
3149 2328 3238 2370 sc.
3286 2309 3441 2370 item
3493 2327 3616 2390 pro
3661 2311 3928 2374 duobus
3973 2323 4211 2374 octua-

1002 2416 1175 2478 libus
1222 2416 1504 2480 ceruisie
1550 2415 1801 2480 XVIII
1847 2437 1938 2480 se.
2002 2418 2163 2480 item
2210 2437 2335 2498 pro
2401 2436 2538 2478 vno
2586 2416 2792 2478 ariete
2841 2416 3032 2490 fort0,
3099 2415 3256 2478 item
3303 2435 3426 2496 pro
3473 2425 3762 2497 quatuor
3807 2417 3992 2480 aucis
4039 2438 4208 2500 qua·

998 2533 1152 2585 tuor
1196 2543 1297 2608 gr.
1344 2523 1501 2586 item
1550 2543 1673 2604 pro
1720 2543 1896 2605 pane
1944 2526 2102 2586 albo
2149 2523 2218 2586 II
2266 2544 2356 2586 se.

1213 2630 1385 2693 Item
1434 2631 1737 2713 sequitur
1782 2632 1991 2694 stacio
2042 2630 2494 2712 Medulanskij
2543 2630 2790 2693 ibidem
2839 2629 3002 2692 feria
3041 2629 3276 2710 quinta
3309 2629 3376 2692 in
3417 2629 3708 2693 crastino
3746 2633 3963 2697 sancti
3997 2631 4208 2716 Egidi

1002 2738 1159 2820 (2s9)
1208 2737 1273 2799 in
1323 2736 1761 2800 Frosckom'ce
1804 2758 1957 2800 cum
2008 2737 2339 2800 thezauris
2403 2737 2778 2820 regalibus:
2846 2737 3004 2798 item
3053 2757 3176 2818 pro
3221 2736 3534 2800 carnibus
3601 2737 3868 2804 bouinis
3914 2749 4208 2822 quatuor

999 2865 1089 2909 se.
1135 2844 1293 2907 item
1340 2828 1463 2926 pro
1510 2845 1708 2927 pullis
1756 2844 1822 2907 ΙΙ
1869 2865 1959 2908 se.
2023 2845 2182 2908 item
2229 2865 2353 2927 pro
2416 2844 2694 2908 ceruisia
2760 2855 2916 2906 octo
2961 2862 3054 2907 se.
3117 2843 3274 2906 item
3325 2864 3541 2907 auena
3587 2855 3656 2908 et
3701 2846 3832 2910 alia
3877 2857 4072 2910 erant
4115 2849 4206 2910 de

999 2952 1275 3036 allodiis·

1213 3057 1498 3124 Summa
1543 3060 1743 3123 huius
1788 3061 2149 3142 columpne
2194 3059 2353 3122 facit
2398 3058 2541 3140 V¹l2
2605 3079 2764 3122 mar.
2809 3071 2949 3122 tres
2995 3071 3158 3122 sc·›t.

1211 3167 1385 3230 Item
1434 3169 1735 3250 sequitur
1799 3168 1929 3231 alia
1991 3168 2201 3232 stacio
2268 3167 2568 3229 eiusdem
2636 3167 2907 3230 domine
2973 3165 3248 3249 Regino
3295 3167 3359 3228 in
3408 3164 3736 3230 Cracouia
3799 3168 4000 3232 simul
4046 3189 4202 3235 cum

999 3275 1227 3338 iuueni
1273 3275 1551 3359 Regina
1597 3275 1760 3339 feria
1824 3275 2031 3340 tercia
2094 3275 2241 3357 ipso
2288 3275 2396 3337 die
2445 3274 2690 3337 Felicis
2735 3284 2804 3336 et
2853 3273 3058 3338 Aucti
3123 3283 3510 3336 sanctorum
3559 3275 3763 3359 (30s8)
3811 3276 3900 3338 ad
3947 3296 4201 3340 cenam.

998 3382 1170 3444 Item
1218 3402 1343 3464 pro
1390 3403 1525 3446 vna
1572 3403 1781 3445 vacca
1828 3403 1963 3444 vna
2012 3402 2173 3444 mar.
2220 3401 2346 3446 sex
2394 3394 2557 3445 scot.
2623 3381 2781 3443 item
2831 3401 2953 3463 pro
3001 3401 3138 3442 vno
3205 3393 3482 3443 mutone
3545 3392 3840 3447 castrato
3887 3382 3993 3445 VI
4035 3395 4198 3448 scot.

997 3489 1157 3552 item
1207 3511 1327 3571 pro
1376 3490 1653 3573 triginta
1696 3511 1821 3552 sex
1868 3490 2081 3572 pullis,
2148 3490 2478 3572 capiendo
2527 3509 2646 3570 per
2692 3487 2834 3550 XV
2882 3491 3031 3552 den.
3081 3486 3221 3550 XV
3270 3507 3357 3551 sc.
3404 3489 3560 3553 item
3613 3509 3735 3570 pro
3781 3491 4048 3554 duobus
4091 3512 4200 3554 su·

998 3597 1201 3680 gellis
1249 3597 1548 3680 quinque
1597 3618 1695 3682 gr.
1742 3598 1901 3659 item
1952 3618 2075 3679 pro
2121 3608 2410 3679 quatucr
2456 3597 2639 3660 aucis
2687 3595 2856 3658 viuis
2901 3606 3038 3658 tres
3087 3615 3174 3658 se.
3220 3595 3378 3658 item
3427 3615 3550 3676 pro
3598 3617 3734 3660 vna
3776 3617 3988 3680 perna
4033 3600 4198 3664 lardi

998 3704 1073 3766 X
1118 3724 1207 3768 se.
1272 3705 1431 3768 item
1478 3725 1601 3787 pro
1665 3705 1838 3768 lacte
1903 3715 1971 3768 et
2036 3705 2183 3768 ouis
2247 3714 2538 3786 quatuor
2583 3723 2673 3765 sc.
2738 3703 2900 3765 item
2966 3723 3172 3764 vnum
3223 3723 3345 3764 vas
3393 3703 3672 3768 ceruisie
3736 3704 4002 3786 proprie
4047 3707 4198 3770 bra-

1000 3820 1275 3896 xature,

1213 3919 1387 3982 Item
1434 3919 1738 4001 sequitur
1784 3929 2101 4002 aparatus
2148 3920 2234 3981 ad
2284 3919 2568 3981 eandem
2627 3918 3032 3980 stacionem:
3097 3917 3252 3978 item
3303 3937 3425 3998 pro
3473 3937 3608 3979 vna
3652 3937 4004 4001 sexagena
4049 3939 4194 3982 scu·

999 4026 1309 4088 tellarum
1356 4035 1645 4108 quatuor
1690 4046 1779 4090 sc.
1825 4027 1983 4088 item
2031 4046 2153 4107 pro
2200 4045 2337 4088 vna
2381 4045 2734 4107 sexagena
2779 4025 3062 4086 ollarum
3131 4034 3201 4085 et
3263 4024 3475 4088 tribus
3539 4025 3962 4088 multralibus
4007 4027 4192 4108 quin-

998 4153 1131 4214 que
1177 4153 1265 4198 sc.
1331 4133 1489 4195 item
1538 4153 1660 4216 pro
1708 4133 1974 4196 duobus
2038 4133 2252 4196 doleis
2319 4133 2405 4195 ad
2471 4131 2828 4213 coquinam
2898 4140 2967 4192 et
3012 4132 3098 4193 ad
3146 4131 3462 4194 balneum
3511 4130 3688 4194 VIII
3730 4151 3820 4195 sc.
3865 4133 4024 4196 item
4073 4154 4194 4215 pro

997 4240 1186 4302 vitris
1232 4261 1434 4322 super
1498 4251 1708 4303 totam
1774 4240 2219 4322 septimanam
2288 4249 2578 4322 quatuor
2641 4259 2730 4302 se.
2797 4239 2954 4301 item
3005 4258 3124 4320 pro
3171 4238 3416 4302 cantris
3481 4238 3748 4324 magnis
3793 4241 3881 4302 ad
3927 4251 4194 4322 portan-

996 4349 1157 4410 dum
1206 4348 1557 4411 ceruisiam
1624 4349 1712 4410 ad
1758 4368 2027 4412 mensas
2072 4358 2207 4410 tres
2254 4367 2342 4410 se.
2409 4347 2568 4410 item
2618 4367 2740 4430 pro
2789 4346 3004 4409 tribus
3049 4345 3222 4408 tonis
3267 4347 3354 4408 ad
3401 4346 3759 4428 coquinam
3808 4357 3877 4410 et
3921 4348 4010 4411 ad
4056 4349 4190 4412 bal-

998 4475 1199 4518 neum
1246 4466 1383 4520 tres
1427 4476 1517 4520 sc.

1210 4564 1378 4625 Item
1428 4562 1592 4625 feria
1638 4574 1877 4644 quarta
1922 4563 1987 4625 in
2026 4563 2316 4624 crastino
2365 4563 2566 4644 (31s8)
2614 4564 2948 4624 aduentus
2994 4563 3080 4623 ad
3129 4561 3499 4642 prandium,
3547 4561 3704 4643 quia
3743 4581 3834 4622 ex
3871 4564 4189 4625 mandato

995 4671 1245 4733 domini
1294 4670 1517 4755 Regis
1565 4681 1633 4732 et
1681 4670 1956 4754 Regiae
1993 4690 2114 4752 per
2154 4691 2354 4732 vnam
2406 4670 2844 4750 septimanam
2896 4669 3120 4730 omnia
3169 4668 3541 4730 necessaria
3587 4667 3960 4730 ministrata
4003 4679 4187 4732 sunt:

996 4778 1155 4842 item
1204 4798 1326 4859 pro
1372 4777 1666 4859 piscibus
1713 4778 2091 4841 recentibus
2150 4778 2328 4838 XIII
2375 4796 2464 4838 sc,
2529 4777 2684 4839 item
2753 4796 2875 4856 pro
2939 4775 3248 4837 fudiculis
3294 4774 3396 4836 VI
3443 4795 3532 4837 se.
3597 4775 3760 4838 item
3807 4776 4024 4856 pisces
4069 4797 4188 4859 pro
4293 4852 4298 4856 .

994 4883 1245 4948 familia
1292 4896 1483 4948 erant
1529 4886 1615 4948 de
1661 4883 2117 4967 Schlommky,
2173 4885 2331 4946 item
2383 4905 2504 4964 pro
2550 4883 2867 4947 trecentis
2931 4902 3253 4948 oworum.
3321 4881 3648 4962 capiendo
3694 4902 3816 4965 per
3863 4882 3927 4942 V
3975 4903 4077 4966 gr.
4123 4884 4188 4946 in

994 5004 1139 5056 toto
1184 4993 1342 5056 facit
1388 4991 1529 5054 XV
1579 5012 1676 5075 gr.
1742 4992 1899 5054 item
1950 5011 2068 5072 pro
2116 5010 2251 5054 vna
2297 4992 2434 5053 olla
2481 4991 2682 5053 butiri
2729 5001 2865 5052 tres
2912 5011 3001 5053 se.
3066 4990 3226 5052 item
3277 5010 3398 5070 pro
3445 4990 3617 5050 lacte
3665 5001 3733 5051 et
3780 5001 4078 5054 cremate
4123 4990 4189 5053 II

994 5121 1081 5164 se.
1149 5101 1308 5163 item
1356 5121 1479 5182 pro
1525 5099 1788 5162 duabus
1853 5098 2036 5160 libris
2101 5118 2349 5160 manne
2413 5099 2550 5160 duo
2596 5118 2686 5161 sc.
2751 5098 2908 5159 item
2957 5117 3079 5178 pro
3143 5096 3416 5158 simellis
3463 5095 3642 5176 111¹ss
3701 5116 3799 5179 gr.
3845 5096 4004 5158 item
4053 5099 4188 5160 duo

996 5229 1159 5270 vasa
1206 5207 1488 5269 ceruisie
1534 5206 1797 5288 proprie
1845 5207 2229 5278 braxature‚
2277 5206 2438 5268 item
2487 5226 2660 5268 vnus
2705 5225 2906 5268 corus
2955 5203 3130 5266 milei
3175 5205 3261 5266 de
3307 5204 3585 5286 allodiJ‘S.

1206 5314 1489 5379 Summa
1536 5317 1623 5377 ab
1670 5314 1797 5375 alia
1844 5312 2003 5376 facit
2049 5312 2114 5374 V
2164 5333 2322 5375 mar.
2372 5312 2516 5376 XII
2563 5322 2725 5375 scot.
2772 5313 2882 5392 I¹l²3
2943 5333 3044 5395 gr.

1206 5423 1378 5486 Item
1429 5422 1513 5483 ad
1564 5440 1799 5484 cenam
1861 5421 2101 5482 eodem
2166 5419 2309 5482 die:
2375 5421 2532 5482 item
2599 5440 2721 5501 pro
2788 5419 3078 5500 piscibus
3142 5417 3524 5480 recentibus
3571 5417 3674 5480 IX
3723 5437 3812 5480 sc.
3859 5417 4019 5482 item
4067 5439 4182 5500 pro

992 5530 1166 5592 lacte
1212 5539 1349 5590 tres
1397 5549 1496 5610 gr.
1562 5529 1722 5590 item
1768 5549 1891 5610 pro
1938 5527 1969 5589 1
2016 5527 2149 5590 olla
2216 5527 2416 5589 butiri
2461 5527 2598 5589 duo
2645 5547 2733 5591 sc.
2797 5527 2954 5589 item
3005 5546 3128 5606 pro
3191 5526 3338 5588 ouis
3384 5536 3519 5588 tres
3565 5546 3665 5609 gr.
3727 5525 3886 5588 item
3937 5545 4058 5608 pro
4103 5526 4180 5588 si-

998 5636 1213 5699 mellis
1258 5635 1362 5697 ΠΙ
1376 5637 1439 5716 ¹1'2
1498 5656 1595 5720 gr.
1644 5635 1816 5698 Item
1862 5637 1995 5698 due
2040 5655 2392 5718 sexagene
2437 5653 2790 5697 caseorum
2837 5633 3121 5715 proprie.
