4592 6559
763 488 1141 552 REJESTRA
1188 475 1618 549 WATROBKI
1664 488 2325 550 WIELKORZADZCY
2374 487 3032 538 KRAKOWSKIEGO.
3085 495 3274 553 1420.
3492 494 3617 555 555

423 701 666 752 octaua
737 689 996 752 Pasche
1071 690 1446 772 incipiendo
1522 711 1734 772 vsque
1811 693 1892 753 ad
1962 689 2202 752 festum
2279 699 2513 752 sancte
2579 689 2811 752 Crucis
2884 699 3189 772 tempore
3251 689 3620 771 autumpni,

423 796 898 878 (14s4—14l9)‚
975 819 1108 880 que
1182 796 1433 861 faciunt
1505 797 1744 882 viginti
1820 809 1956 861 tres
2025 798 2469 880 septimanas,
2546 798 2833 859 emendo
2907 796 3253 878 quodlibet
3317 797 3618 879 quartale

425 924 548 986 per
593 915 748 967 octo
793 925 894 988 gr.
958 925 1093 988 que
1157 925 1421 968 summa
1485 906 1770 987 pecunie
1835 905 2141 968 extendit
2205 927 2278 968 se
2344 907 2428 968 ad
2496 916 2786 988 quatuor
2850 925 3109 966 marcas
3173 905 3392 967 minus
3456 925 3619 989 qua-

421 1023 577 1074 tuor
619 1023 784 1076 scot.

636 1119 806 1182 Item
873 1141 913 1182 a
977 1119 1148 1182 festo
1211 1130 1442 1182 sancte
1507 1120 1738 1184 Crucis
1805 1121 2005 1202 (14s9)
2072 1121 2327 1182 eisdem
2414 1120 2781 1202 portulanis
2855 1119 3167 1182 dominus
3230 1120 3619 1200 capitaneus

422 1226 884 1291 Cracouiensis
931 1228 1366 1290 demandauit
1429 1230 1589 1290 dare
1637 1229 1936 1309 qualibet
1989 1228 2367 1310 septimana
2410 1249 2536 1290 sex
2584 1248 2673 1289 sc.
2740 1227 2921 1308 quod
2970 1227 3244 1308 cupiens
3289 1226 3621 1288 mandatis

421 1335 717 1398 eiusdem
768 1334 1056 1409 obedire,
1106 1337 1342 1398 eadem
1392 1335 1699 1416 impleui;
1767 1347 1929 1398 tunc
1976 1357 2016 1398 a
2061 1333 2233 1398 festo
2279 1335 2413 1397 iam
2460 1335 2638 1397 dicto
2702 1344 2932 1396 sancte
2997 1333 3227 1396 Crucis
3273 1353 3487 1415 vsque
3534 1335 3622 1396 ad

419 1442 830 1507 dominicum
861 1443 1037 1506 diem
1069 1442 1455 1524 proximum
1505 1455 1660 1506 ante
1708 1442 1951 1504 festum
2005 1443 2211 1506 Lucie
2260 1443 2481 1525 (8s12),
2528 1462 2659 1524 que
2706 1439 2957 1503 faciunt
2986 1440 3165 1502 XIII
3194 1440 3620 1520 septimanas

419 1550 576 1632 quia
624 1548 924 1632 qualibet
968 1549 1342 1632 septimana
1387 1550 1556 1612 solui
1615 1550 1867 1614 eisdem
1915 1572 2040 1612 scx
2088 1571 2176 1612 se.
2243 1571 2378 1632 que
2442 1569 2707 1612 summa
2771 1548 3069 1610 eiusdem
3137 1547 3420 1629 pecunie
3464 1546 3623 1610 facit·

418 1669 556 1720 tres
605 1677 764 1720 mar.
811 1678 937 1720 sex
985 1677 1072 1719 sc.

635 1765 806 1828 Item
855 1764 1108 1829 eisdem
1157 1766 1528 1847 portulanis
1593 1787 1714 1848 pro
1779 1766 2028 1849 dyerijs
2092 1766 2390 1848 ipsorum
2458 1784 2671 1846 nsque
2734 1765 2823 1826 ad
2884 1761 3089 1827 finem
3138 1762 3620 1847 resignacionis

417 1892 581 1935 mar.
630 1871 715 1934 II.

634 1976 916 2043 Summa
962 1981 1330 2042 eorundem
1377 1980 1884 2061 portulanorum
1932 1979 2090 2043 facit
2135 2001 2402 2044 nowem
2452 2001 2613 2043 mar.
2661 1980 2729 2042 II
2775 1992 2974 2043 scot..

633 2086 804 2150 Item
851 2096 1140 2169 quatuor
1185 2087 1502 2170 vigilibus
1548 2107 1753 2169 super
1799 2086 2413 2170 Quatuortempora
2459 2088 2633 2162 bina,
2680 2087 2931 2150 scilicet
2977 2098 3131 2168 post
3166 2086 3410 2151 festum
3453 2087 3625 2150 Pen-

415 2196 760 2258 thecostes
805 2205 874 2257 et
919 2205 1150 2258 sancte
1197 2193 1447 2268 Crucis,
1494 2208 1654 2258 tunc
1701 2195 1972 2258 cuilibet
2020 2215 2154 2276 per·
2186 2194 2533 2270 fertonem,
2580 2195 2649 2256 II
2698 2215 2857 2256 mar.

634 2301 804 2364 Item
851 2301 1120 2376 vectori,
1169 2302 1285 2384 qui
1330 2301 1512 2365 ducit
1579 2323 1824 2384 aquam
1881 2303 1970 2364 ad
2017 2313 2329 2377 castrum,
2378 2303 2603 2365 dando
2668 2302 2791 2364 sibi
2836 2321 3039 2383 super
3082 2301 3242 2364 bina
3288 2301 3621 2383 Quatuor·

417 2418 724 2491 tempora
771 2429 892 2492 per
948 2409 1012 2491 ¹l2
1072 2429 1233 2472 mar.
1279 2409 1312 2472 Ι
1360 2429 1520 2473 mar.

632 2515 804 2579 Item
850 2517 1112 2580 custodi
1158 2516 1448 2580 ferarum
1495 2537 1700 2599 super
1747 2518 1906 2580 bina
1953 2516 2569 2600 Quatuortempora
2614 2516 2647 2578 I
2694 2537 2857 2580 mar.

632 2621 915 2688 Summa
958 2624 1152 2687 huius
1199 2625 1558 2707 columpne
1605 2623 1761 2687 facit
1809 2637 2103 2707 quatuor
2147 2644 2308 2688 mar.

459 2803 465 2810 ο
633 2731 803 2794 Item
851 2742 1172 2795 secuntur
1218 2731 1572 2795 distributa
1627 2752 1750 2814 pro
1798 2730 2074 2816 edificijs
2139 2732 2208 2794 in
2274 2732 2535 2815 allodijs
2598 2730 2939 2816 regalibus
2987 2743 3057 2794 et
3100 2731 3318 2814 primo
3361 2732 3429 2795 in
3477 2732 3619 2797 Ne-

405 2836 746 2922 polomice.

632 2946 804 3009 Item
850 2947 1068 3028 primo
1132 2967 1255 3029 pro
1320 2945 1751 3010 edificacione
1815 2948 2079 3030 tentorij
2148 2948 2313 3010 alias
2360 2945 2502 3010 ocol
2556 2947 2624 3009 in
2672 2945 2941 3018 Patina,
2989 2946 3361 3010 venacione
3407 2949 3619 3032 regali

417 3053 596 3117 circa
616 3107 626 3114 ,
645 3052 1082 3137 Nepolomice,
1122 3073 1212 3117 ex
1262 3054 1581 3117 mandato
1646 3054 1808 3118 dicti
1852 3055 2106 3118 domini
2152 3055 2393 3140 Regis,
2441 3054 2611 3117 Item
2658 3054 2875 3135 primo
2920 3074 3042 3136 pro
3089 3053 3380 3118 cilindris
3426 3055 3606 3136 III¹l2

417 3182 580 3224 mar.
625 3182 747 3243 pro
797 3161 1076 3224 clauulis
1121 3161 1347 3243 paruis
1411 3162 1825 3246 cilindriarijs
1871 3163 1938 3224 II
1987 3181 2150 3226 mar.
2215 3173 2282 3225 et
2328 3183 2451 3244 pro
2499 3161 2777 3224 clauulis
2842 3159 3073 3225 latlme
3118 3161 3406 3225 mediam
3457 3183 3618 3227 mar.

415 3283 484 3332 et
533 3289 654 3351 pro
702 3267 982 3332 clauulis
1025 3267 1336 3352 spernale
1381 3269 1412 3330 I
1460 3268 1604 3332 fert.
1651 3270 1810 3332 item
1859 3269 2278 3352 carpentario
2325 3289 2448 3351 pro
2495 3269 2726 3332 labore
2774 3269 2930 3332 dedi
2975 3268 3044 3331 II
3081 3289 3243 3332 mar.
3290 3289 3445 3332 cum
3493 3290 3618 3332 sex

414 3397 504 3440 se.
553 3397 686 3458 que
731 3395 852 3457 pro
900 3375 1212 3440 omnibus
1255 3396 1524 3439 summa
1569 3375 1728 3439 facit
1775 3386 1927 3440 octo
1975 3397 2135 3439 mar.
2183 3376 2328 3438 XII
2375 3387 2537 3441 scot.

631 3483 802 3545 Item
870 3503 990 3564 pro
1063 3483 1418 3565 paracione
1485 3504 1734 3568 magne
1807 3483 1998 3546 nauis
2064 3484 2132 3545 in
2207 3483 2481 3567 nauigio
2554 3483 3094 3566 Nepolomicensi
3169 3483 3331 3548 alias
3393 3491 3613 3568 prom,

414 3603 554 3653 tam
601 3611 642 3653 a
687 3589 1058 3654 feri-acione
1121 3590 1457 3664 roborum,
1527 3611 1731 3673 quam
1797 3611 1920 3673 pro
1985 3588 2252 3653 clamris
2317 3611 2435 3654 seu
2502 3591 2850 3674 appicibus
2916 3590 3112 3655 fereis
3159 3601 3227 3654 et
3291 3611 3331 3654 a
3385 3592 3615 3654 labore

414 3698 524 3761 XI
571 3718 734 3762 mar.

630 3806 801 3868 Item
846 3825 970 3888 pro
1017 3804 1448 3869 edificacione
1503 3806 1727 3868 balnei
1775 3805 1933 3867 no'ui
1980 3825 2070 3868 ex
2121 3807 2440 3868 mandato
2488 3805 2740 3868 domini
2786 3805 3009 3890 Regis
3054 3806 3121 3868 in
3168 3805 3616 3870 Prosclwwt'ce

413 3912 594 3976 XVI
643 3934 804 3977 mar.
851 3912 1040 3976 XIX
1085 3922 1248 3976 scot.
1314 3914 1485 3976 Item
1534 3913 1750 3995 primo
1797 3933 1920 3995 pro
1968 3913 2323 3976 roboribus
2388 3912 2654 3997 magnis
2719 3913 2883 3976 alias
2948 3911 3263 3976 stz'nholcz
3325 3924 3615 3996 quatuor

413 4041 577 4084 mar.
623 4018 780 4084 item
830 4043 872 4084 a
915 4020 1308 4084 fferracione
1374 4022 1705 4085 dictorum
1773 4022 2087 4083 arborum
2153 4031 2292 4083 tres
2341 4023 2431 4102 (s),
2496 4020 2657 4084 item
2723 4041 2845 4102 pro
2910 4021 3188 4084 clauulis
3234 4021 3500 4106 mag-nis
3546 4032 3616 4084 et

411 4128 640 4211 paruis
689 4128 755 4192 II
803 4149 962 4190 mar.
1011 4139 1148 4192 tres
1194 4149 1284 4192 sc.
1351 4140 1417 4192 et
1465 4149 1586 4210 pro
1633 4128 1924 4191 cilindris
1989 4149 2124 4191 vna
2171 4149 2334 4191 mar.
2400 4128 2560 4191 item
2628 4128 3048 4211 carpentario
3095 4149 3136 4190 a
3181 4129 3413 4192 labore
3460 4138 3613 4191 octo

412 4256 579 4299 mar.
624 4235 908 4300 Summa
952 4237 1150 4299 huius
1195 4237 1417 4300 balnei
1462 4235 1619 4299 facit
1665 4235 1844 4298 XVI
1891 4256 2053 4298 mar.
2099 4236 2287 4298 XIX
2332 4256 2421 4299 sc.

627 4344 797 4407 Item
845 4364 886 4406 a
933 4344 1288 4426 pat-acione
1335 4344 1584 4425 piscine
1631 4344 1696 4406 in
1745 4341 1810 4406 S
1805 4341 2110 4426 chlom'ky
2156 4344 2229 4425 (s)
2279 4343 2588 4406 videlieet
2630 4343 2989 4407 saaczawka
3034 4342 3143 4405 XI
3194 4363 3352 4406 mar.

627 4452 799 4514 Item
848 4472 970 4534 pro
1016 4451 1448 4533 repat-acione
1513 4451 1787 4535 aggeris
1854 4451 2195 4534 wlgariter
2239 4453 2480 4534 vpusta
2524 4450 2589 4513 in
2636 4448 3002 4534 Schlom‘ky
3066 4450 3241 4513 circa
3288 4471 3609 4535 magnam

408 4558 754 4641 piscinam,
799 4579 923 4641 pro
967 4559 1324 4622 roboribus
1372 4559 1612 4640 emptis
1657 4567 1726 4620 et
1771 4557 2041 4620 sarratis
2087 4567 2154 4619 et
2199 4579 2240 4620 a
2285 4558 2517 4620 labore
2562 4557 2673 4620 IX
2719 4578 2881 4620 mar.

625 4665 910 4730 Summa
952 4666 1148 4729 huius
1194 4667 1550 4746 columpne
1597 4664 1756 4727 facit
1801 4663 1997 4726 LVII
2045 4685 2206 4728 mar.
2251 4665 2396 4727 XV
2444 4676 2606 4728 scot.

625 4773 794 4836 Item
843 4783 1162 4836 secuntur
1207 4772 1560 4835 distributa
1596 4792 1718 4853 pro
1757 4771 1946 4854 equis
1992 4771 2621 4836 subveccionalibus
2656 4772 2723 4834 in
2762 4772 3021 4855 allodijs
3067 4773 3409 4856 regalibus
3446 4774 3611 4837 alias

397 4878 719 4966 podwodtl
767 4881 939 4943 Item
987 4881 1202 4963 primo
1239 4900 1362 4962 pro
1402 4900 1537 4941 vno
1577 4900 1752 4962 equo
1810 4899 2062 4962 magno
2108 4881 2196 4942 ad
2235 4899 2534 4961 equueas
2584 4881 2655 4960 (s)
2711 4900 2835 4960 pro
2881 4878 3021 4941 fetu
3070 4880 3356 4954 valente,
3404 4900 3605 4963 quem

410 4987 592 5052 missi
637 4989 703 5051 in
753 4987 1025 5051 Medaba
1071 5008 1160 5049 ex
1209 4988 1528 5050 mandato
1574 4987 1826 5048 domini
1895 4987 2130 5070 Regis,
2196 4986 2379 5048 XIII
2426 4993 2586 5049 mar.
2653 4987 2813 5050 item
2861 4988 2949 5049 ad
2994 4985 3430 5051 Proschouz'ce
3472 4999 3610 5050 tres

407 5116 621 5179 equos
667 5095 799 5158 emi
844 5115 966 5177 pro
1011 5094 1568 5159 subveccionibus
1615 5095 1778 5156 alias
1813 5092 2084 5178 powodz'
2118 5095 2209 5176 (s),
2258 5114 2463 5156 vnum
2516 5115 2637 5176 pro
2684 5105 2971 5176 quatuor
3016 5115 3177 5157 mar.
3228 5094 3445 5158 minus
3480 5094 3610 5158 fer-

405 5213 566 5267 tone
614 5213 682 5266 et
728 5203 928 5266 alium
977 5220 1100 5284 pro
1147 5201 1360 5264 tribus
1406 5219 1568 5263 mar.
1614 5201 1894 5263 tercium
1941 5220 2104 5263 vero
2140 5220 2264 5282 pro
2302 5200 2512 5264 tribus
2550 5201 2791 5264 marcis
2828 5221 2981 5264 cum
3019 5201 3294 5276 fertone,
3334 5201 3407 5265 X
3448 5223 3609 5266 mar.

405 5311 564 5374 item
612 5330 738 5392 pro
785 5311 1050 5374 duobus
1096 5309 1287 5392 equis
1353 5307 1538 5372 Grac,
1603 5309 1690 5370 ad
1755 5327 2040 5382 currum,
2106 5307 2174 5369 in
2240 5329 2377 5391 quo
2441 5310 2778 5372 ducuntur
2840 5309 3025 5394 ligna
3073 5319 3141 5372 et
3186 5329 3363 5393 aqua
3406 5299 3609 5392 super

404 5429 700 5482 castrum
749 5416 1210 5490 Cracouiense‚
1257 5436 1379 5500 pro
1425 5437 1560 5477 vno
1606 5427 1896 5498 quatuor
1941 5411 2100 5478 mar.
2149 5416 2262 5498 qui
2311 5426 2415 5479 est
2461 5418 2710 5479 rubeus
2758 5426 2826 5478 et
2862 5417 3173 5501 giprosus
3210 5428 3279 5480 et
3314 5439 3439 5500 pro
3478 5418 3608 5480 alio

404 5523 658 5589 walach
703 5523 828 5608 lzky
873 5523 1053 5605 111¹),
1113 5544 1274 5586 mar.
1320 5524 1387 5586 in
1435 5533 1653 5586 totum
1699 5521 1857 5586 facit
1903 5522 2117 5602 V111s,
2177 5543 2305 5586 ma.

619 5633 904 5698 Summa
947 5633 1144 5696 huius
1188 5631 1348 5695 facit
1391 5631 1668 5714 triginta
1715 5651 1874 5693 mar.
1924 5630 2101 5693 XIII
2149 5641 2313 5694 scot.
