4592 6559
44 2848 46 2855 ,
44 2822 48 2841 -
44 2518 54 2708 rm
44 2379 54 2511 w
44 2106 56 2367 -y—v-v--vvv

1020 467 1134 524 182
1790 476 2171 540 REJESTRA
2219 475 2805 525 PODSKARBn-:Go
2852 476 3184 525 Hmczm.
3241 484 3421 542 1394·

1223 677 1417 739 Feria
1465 677 1565 740 VI
1615 676 1816 761 (13s3)
1881 697 2004 760 pro
2072 675 2427 740 ablucione
2482 684 2550 739 et
2614 676 3019 740 consucione
3084 677 3480 741 mensalium
3547 687 3616 740 et
3682 678 4205 741 manuteriorum

1007 786 1368 868 regalium;

1007 893 1166 955 item
1213 892 1553 973 preposito
1600 894 1686 954 de
1730 890 2096 975 Bystmkza
2140 892 2208 955 in
2256 891 2630 955 Lithwania
2674 880 2877 973 super
2916 912 3312 975 campanam
3352 894 3441 955 ad
3478 894 3871 957 mandatum
3909 893 4023 955 dni
4060 892 4207 958 Re-

1009 999 1114 1084 gis
1159 999 1228 1062 II
1275 1020 1476 1064 marc.
1912 1082 1919 1092 Ι

1009 1108 1164 1171 ilem
1210 1128 1334 1191 pro
1381 1108 1562 1181 cista,
1625 1109 1691 1171 in
1741 1129 1875 1190 qua
1920 1128 2028 1171 res
2077 1108 2236 1171 olim
2284 1106 2474 1171 ducis
2520 1108 2899 1171 Alexandri
2962 1108 3121 1171 date
3184 1120 3341 1172 sunt
3405 1108 3697 1171 consorti
3760 1107 3947 1172 ducis
4010 1106 4206 1171 Sem-

1009 1216 1194 1279 conis
1240 1216 1348 1277 IX
1395 1236 1484 1279 sc.
2450 1230 2457 1235 ’

1007 1324 1164 1385 item
1212 1343 1336 1404 pro
1383 1324 1500 1405 (X)
1547 1323 1721 1387 vlnis
1765 1323 1968 1405 panni
2013 1323 2154 1386 dati
2193 1323 2475 1404 Jazkoni
2504 1324 2682 1385 dicto
2714 1324 3080 1387 Zeweczka
3111 1343 3231 1406 per
3260 1323 3432 1387 VIII
3460 1344 3547 1387 se.
3578 1344 3843 1387 summa
3868 1323 3972 1386 III
4000 1343 4206 1385 mare.

1009 1430 1180 1493 VIII
1227 1450 1317 1493 sc.

1005 1538 1165 1600 item
1212 1558 1334 1619 pro
1381 1538 1524 1599 XII
1572 1538 1746 1600 vinis
1791 1538 1996 1619 panni
2041 1539 2215 1601 datis
2260 1539 2603 1602 Imbramo
2649 1540 2734 1601 de
2772 1536 3067 1601 Czwlz'cze
3102 1560 3223 1621 per
3257 1538 3428 1601 VIII
3458 1558 3549 1601 sc.
3578 1558 3842 1601 summa
3869 1537 3971 1600 IV
4000 1556 4207 1599 mare.

1006 1646 1166 1709 item
1213 1647 1499 1710 sabbato
1543 1646 1854 1728 proximo
1901 1654 2058 1708 ante
2105 1645 2455 1708 Invocauit
2504 1645 2665 1728 (7l3)
2701 1646 2984 1709 Andree
3020 1645 3585 1727 viceprocuratori
3616 1644 4041 1709 Cracouiensi
4077 1664 4204 1726 pro

1009 1754 1323 1835 expensis
1370 1753 1752 1817 ordinandis
1799 1753 1984 1836 Regi
2032 1762 2100 1815 et
2145 1753 2437 1836 Regine‚
2486 1754 2573 1815 ad
2619 1754 3009 1815 mandatum
3059 1754 3173 1815 dni
3224 1753 3447 1837 Regis
3494 1752 3722 1815 XXX
3768 1772 3969 1821 mare.

1006 1860 1166 1923 item
1213 1882 1336 1943 pro
1381 1859 1508 1923 filis
1554 1862 1639 1923 ad
1688 1860 1946 1923 tunicas
1993 1860 2328 1923 sociorum
2376 1860 2669 1922 thezauri
2715 1860 2818 1923 III
2866 1880 2953 1923 se.

1006 1969 1168 2031 item
1215 1968 1589 2033 Szelniconi
1636 1968 2052 2049 carpentario
2099 1969 2184 2030 de
2233 1965 2435 2029 Kalis-
2480 1969 2566 2029 ad
2614 1969 3005 2031 mandatum
3055 1966 3276 2052 Regis
3321 1966 3387 2028 V
3436 1988 3633 2032 mare.

1007 2076 1168 2139 item
1216 2096 1336 2157 pro
1384 2076 1864 2139 emendacione
1913 2122 2176 2137 .....
2224 2073 2561 2139 aurifabro
2606 2075 2639 2137 I
2687 2095 2887 2138 marc.

1008 2184 1167 2246 item
1213 2201 1338 2266 pro
1403 2204 1578 2266 equo
1643 2183 2080 2256 ambulatore‚
2147 2184 2306 2245 dato
2372 2183 2663 2245 consorti
2727 2183 2917 2246 ducis
2983 2180 3345 2251 Semkonis
3409 2202 3499 2244 ex
3563 2190 3751 2263 parte
3798 2182 3913 2245 dni
3960 2181 4205 2265 Regis,

1009 2291 1196 2354 XXI
1244 2310 1444 2354 marc.

1006 2399 1166 2462 item
1212 2419 1336 2481 pro
1382 2399 1794 2461 subductura
1840 2398 2063 2461 tunice
2112 2398 2226 2459 dni
2285 2398 2688 2481 Zanziwogii
2751 2396 3039 2479 pellibus
3095 2394 3416 2481 popelicze
3480 2398 3566 2459 ad
3632 2397 4020 2459 mandatum
4085 2395 4207 2459 dni

1011 2506 1232 2590 Regis
1278 2505 1526 2568 XVIII
1573 2525 1775 2567 mare.

1223 2613 1506 2676 Summa
1551 2612 2010 2676 LXXXVIII
2057 2633 2258 2675 marc,
2308 2612 2459 2675 XX
2506 2632 2595 2675 sc.

1224 2722 1391 2784 Item
1439 2740 1564 2802 pro
1611 2719 1680 2783 II
1725 2721 2037 2802 purpuris
2083 2720 2301 2783 aureis
2349 2720 2522 2783 datis
2568 2720 2859 2783 consorti
2904 2721 3095 2783 ducis
3141 2719 3503 2785 Semkonis
3550 2720 3777 2783 XXX
3824 2739 4023 2783 mare.

1007 2829 1168 2891 item
1214 2849 1336 2910 pro
1383 2828 1695 2910 purpuris
1742 2828 1913 2891 datis
1959 2828 2444 2891 domicellabus
2490 2828 2773 2903 ducisse,
2822 2829 3120 2910 quelibet
3165 2848 3287 2911 per
3332 2817 3432 2889 IV
3448 2828 3511 2907 ‘lg
3560 2846 3761 2890 mare.
3808 2848 4073 2891 summa
4106 2826 4206 2889 fa-

1009 2936 1097 2999 cit
1143 2933 1432 2998 XXVII
1481 2955 1681 2998 marc.

1009 3044 1170 3106 item
1217 3063 1341 3124 pro
1389 3043 1673 3105 stamine
1718 3042 1937 3105 flaueo
1983 3044 2145 3105 dato
2193 3042 2473 3106 Malofio
2520 3044 2779 3106 notario
2830 3044 3053 3127 Regis
3098 3063 3302 3125 super
3347 3043 3894 3108 distribucionem
3940 3042 4207 3106 Ruthe-

1010 3150 1112 3213 nis
1158 3153 1244 3213 ad
1291 3152 1683 3213 mandatum
1731 3150 1844 3213 dni
1894 3150 2116 3234 Regis
2161 3150 2343 3229 111¹&
2404 3171 2605 3213 mare.

1010 3258 1168 3320 item
1217 3260 1353 3320 dno
1401 3258 1762 3321 Pethrconi
1811 3258 1996 3320 militi
2045 3259 2132 3320 ad
2181 3259 2574 3321 mandatum
2621 3258 2736 3321 dni
2783 3259 3005 3342 Regis
3055 3259 3167 3321 IX
3212 3278 3413 3322 marc.

1007 3366 1164 3427 item
1213 3366 1546 3429 Petrassio
1595 3366 1998 3447 Falcowsky
2047 3375 2115 3431 et
2163 3366 2599 3448 Zdacowsky,
2666 3366 2781 3449 qui
2828 3386 2982 3428 cum
3030 3366 3317 3429 dominis
3382 3386 3617 3429 uersus
3682 3366 4057 3429 Morauiam
4106 3366 4206 3428 fu-

1007 3482 1204 3534 erunt
1249 3472 1431 3535 missi
1477 3472 1580 3533 III
1627 3492 1827 3535 marc.

1007 3580 1165 3641 item
1211 3600 1334 3661 pro
1379 3580 1662 3642 stamine
1707 3579 2025 3642 barchani
2074 3581 2160 3642 ad
2205 3581 2715 3643 subducendum
2765 3581 3015 3644 lectum
3053 3583 3284 3664 regale
3324 3582 3575 3644 dictum
3616 3585 3882 3656 malms,
3931 3581 3964 3643 Ι
4006 3601 4206 3644 marc.

1008 3688 1039 3749 I
1087 3685 1228 3750 fert.

1008 3795 1166 3856 item
1214 3815 1336 3875 pro
1383 3795 1824 3876 exempcione
1873 3796 1956 3857 de
2003 3796 2304 3877 hospicio
2352 3796 2543 3859 ducis
2583 3798 2873 3877 Janussii
2923 3796 3461 3861 Rathiboriensis
3506 3796 3733 3859 XXX
3780 3816 3981 3861 marc.

1006 3902 1164 3965 item
1213 3922 1336 3983 pro
1383 3902 1695 3983 expensis
1761 3902 2302 3965 vicethezaurarii
2367 3923 2521 3967 curn
2587 3903 2839 3969 familia
2904 3918 2973 3968 et
3035 3905 3402 3968 sartoribus
3466 3904 4017 3969 Cracouiensibus
4084 3906 4194 3987 1¹!ae

1008 4028 1210 4071 marc.
1258 4009 1436 4071 XVI
1484 4030 1572 4071 sc,

1008 4117 1168 4179 item
1215 4116 1323 4179 die
1369 4118 1704 4180 dominico
1752 4117 2104 4181 Invocauit
2153 4118 2311 4201 (8s3)
2359 4118 2546 4202 Regi
2593 4121 2679 4182 ad
2728 4118 3143 4182 offertorium
3200 4140 3321 4200 per
3369 4120 3887 4184 VVansziconem
3934 4119 4203 4184 cubicu-

1008 4223 1248 4287 larium
1296 4224 1327 4285 I
1377 4223 1520 4286 fert.

1008 4332 1168 4394 item
1215 4351 1338 4414 pro
1386 4333 1847 4395 cerdinacione
1894 4334 2092 4396 cuttis
2138 4333 2317 4396 dicta
2354 4332 2591 4397 thurea
2635 4356 2755 4417 per
2803 4334 3299 4398 Mar-schalcum
3356 4336 3659 4420 aurigam
3716 4335 3982 4401 racione
4033 4358 4203 4401 mer-

1011 4440 1194 4502 cedis
1241 4439 1386 4501 XII
1432 4460 1521 4501 sc,

1223 4548 1504 4610 Summa
1551 4546 1706 4611 CVI
1724 4550 1786 4630 ¹:¹2
1847 4569 2044 4612 mare.
2094 4550 2194 4611 IV
2241 4570 2331 4613 se.

1221 4656 1392 4718 Item
1440 4676 1563 4737 pro
1609 4656 2089 4720 emendacione
2135 4659 2374 4720 assede
2420 4655 2694 4741 kolepka
2739 4659 2917 4721 dicta
2965 4657 3136 4720 VIII
3184 4680 3272 4722 se.

1009 4762 1167 4825 item
1214 4782 1336 4843 pro
1381 4762 1747 4826 serimentis
1794 4764 1896 4826 III
1944 4766 2250 4839 curuatis,
2316 4766 2381 4826 in
2440 4766 2682 4848 quibus
2748 4766 3148 4847 appenditur
3212 4778 3471 4831 tectura
3532 4788 3779 4844 currus
3846 4792 3968 4852 pro
4030 4791 4199 4835 mer-

1011 4869 1174 4933 cede
1220 4870 1290 4932 II
1335 4891 1424 4933 se.

1011 4978 1170 5041 item
1219 4976 1560 5042 Scziborio
1606 4979 1950 5062 sagittario
1998 4979 2114 5043 dni
2161 4979 2384 5065 Regis
2430 5001 2552 5062 pro
2600 4981 2839 5044 balista
2884 5002 3039 5045 curn
3086 4984 3224 5046 suis
3270 4984 3643 5047 attinenciis
3690 4986 3774 5048 ad
3811 4987 4195 5049 mandatum

1012 5086 1126 5149 dni
1172 5087 1394 5170 Regis
1440 5087 1549 5165 1¹3}
1610 5106 1809 5150 marc,

1011 5194 1167 5256 item
1215 5214 1338 5275 pro
1373 5192 1724 5277 yaxamz'to
1769 5195 1928 5257 dato
1975 5196 2269 5258 consorti
2316 5196 2507 5259 ducis
2545 5195 2897 5261 Semconis
2943 5218 3066 5280 per
3112 5199 3507 5282 magistrum
3545 5199 3725 5263 curie
3762 5199 4079 5275 eiusdem,
4115 5202 4195 5265 ad

1016 5303 1404 5365 mandatum
1453 5302 1677 5387 Regis
1725 5302 1951 5364 XXX
1999 5322 2200 5365 mare.

1013 5410 1174 5472 item
1219 5429 1342 5492 pro
1388 5409 1454 5470 II
1501 5410 1862 5473 monilibus
1908 5411 2080 5473 datis
2125 5412 2304 5473 dicte
2351 5412 2613 5475 ducisse
2678 5432 2797 5495 per
2862 5413 3115 5476 dictum
3182 5414 3579 5497 magistrum
3644 5416 3825 5479 curie
3891 5416 4194 5498 predicte,

1016 5518 1326 5579 addendo
1373 5537 1492 5598 per
1537 5518 1568 5577 I
1617 5536 1722 5600 gr.
1769 5518 2058 5580 XXVII
2109 5538 2310 5581 marc,

1015 5624 1175 5691 item
1221 5644 1343 5710 pro
1390 5624 1422 5686 I
1467 5645 1765 5709 purpura
1809 5627 1968 5689 data
2015 5626 2234 5690 eidem
2283 5628 2606 5712 magistro
2652 5628 2833 5691 curie
2879 5627 2946 5688 V
2995 5648 3193 5692 mare.
