4592 6559
751 506 1130 570 REJESTR‘A
1177 494 1600 567 WATROBKI
1647 508 2307 569 WIELKORZADZCY
2356 509 3017 560 KRi-xxowsxnzeo,
3078 519 3259 576 ¹419·
3478 519 3593 578 531

409 706 568 770 item
591 719 742 788 ‚pro
779 706 1046 770 circulis
1091 716 1163 773 et
1205 706 1455 772 simelis
1500 717 1636 772 tres
1683 728 1783 792 gr.
1848 709 2008 774 item
2073 729 2194 790 pro
2262 730 2399 772 vno
2465 709 2712 774 octuali
2756 710 3033 774 ceruisie
3079 711 3187 774 IX
3234 721 3399 776 scot.
3445 712 3605 775 item

406 833 532 895 pro
577 815 730 876 oleo
776 813 844 877 II
891 834 990 898 gr.

622 919 906 985 Summa
949 922 1144 986 huius
1190 933 1554 1005 apparatus
1597 921 1753 987 facit
1799 923 2046 987 XVIII
2093 945 2255 987 mar.
2305 925 2336 986 I
2383 935 2545 988 scot.

619 1027 906 1092 Summa
952 1029 1166 1093 tocius
1211 1031 1524 1094 stacionis
1571 1029 1730 1094 facit
1775 1031 2145 1114 nonaginta
2191 1041 2330 1094 tres
2377 1051 2535 1094 mar.
2584 1033 2659 1094 X
2706 1042 2869 1096 scot.
2928 1033 2991 1114 ΙΙ,
3051 1053 3149 1116 gr.

525 1199 532 1204 .
621 1136 939 1220 Sequitur
984 1138 1112 1200 alia
1158 1137 1366 1200 stacio
1414 1138 1666 1201 domini
1713 1138 1935 1222 Regis
1973 1149 2040 1200 et
2079 1139 2353 1222 Regine
2400 1140 2467 1202 in
2514 1139 2969 1224 Nepolomzkze
3012 1141 3174 1204 feria
3211 1141 3415 1203 tercia
3453 1161 3601 1222 pro-

405 1245 592 1308 xima
636 1255 788 1326 post
834 1245 1236 1308 dominicam
1285 1245 1482 1310 Oculi
1549 1246 1682 1308 mei
1727 1247 1784 1327 (2
1803 1268 1822 1307 1
1835 1245 1867 1328 s
1870 1247 1945 1326 3),
2014 1255 2080 1308 et
2126 1245 2342 1329 primo
2407 1247 2681 1309 domino
2730 1248 2917 1331 Regi
2964 1249 3049 1310 ad
3097 1246 3467 1329 prandium,
3516 1247 3602 1310 ad

402 1353 610 1434 ipsius
654 1353 1046 1434 coquinam:
1095 1353 1254 1415 item
1300 1373 1422 1435 pro
1468 1353 1760 1434 piscibus
1807 1353 2187 1416 recentibus
2231 1363 2301 1416 et
2346 1355 2451 1436 alij
2504 1355 2747 1437 proprij
2798 1367 3005 1429 erant,
3054 1365 3188 1417 tres
3234 1372 3395 1416 mar.
3442 1354 3601 1417 item

405 1480 528 1541 pro
575 1459 866 1542 piscibus
909 1460 1100 1524 salsis
1147 1459 1257 1541 I¹l²
1315 1481 1477 1523 mar.
1523 1460 1682 1522 item
1727 1481 1850 1542 pro
1897 1461 2192 1524 alecibus
2229 1461 2296 1524 in
2336 1471 2631 1542 aparatu‚
2679 1462 2837 1524 item
2888 1483 3009 1543 pro
3058 1463 3210 1524 oleo
3247 1461 3602 1542 papaueris

403 1579 476 1629 et
519 1567 759 1650 canapi
805 1567 943 1630 VII
989 1577 1153 1631 scot.
1211 1567 1372 1630 item
1421 1587 1544 1650 pro
1610 1567 2028 1630 cruczmorka
2093 1578 2162 1631 et
2214 1567 2588 1652 pasternak
2634 1568 2743 1630 IX
2792 1590 2891 1652 gr.
2940 1570 3097 1632 item
3144 1589 3267 1651 pro
3314 1579 3602 1632 auenata

402 1685 695 1757 quatuor
739 1695 842 1758 gr.
887 1674 1044 1738 item
1094 1695 1218 1757 pro
1263 1675 1410 1758 piso
1457 1685 1528 1738 et
1573 1675 1755 1740 milio
1801 1675 1988 1750 fert0,
2055 1676 2212 1738 item
2263 1697 2387 1758 pro
2434 1676 2748 1739 lenticula
2795 1684 2931 1740 tres
2977 1697 3077 1758 gr.
3142 1675 3299 1738 item
3348 1695 3471 1758 pro
3516 1677 3599 1738 si-

403 1783 623 1845 mellis
669 1802 794 1844 sex
841 1803 939 1866 gr.
986 1783 1142 1844 item
1191 1794 1483 1865 quatuor
1543 1783 1834 1846 octualia
1881 1783 2158 1846 ceruisie
2206 1783 2316 1864 ΙΙΙ,
2376 1803 2537 1846 mar.
2602 1783 2757 1845 item
2827 1803 2951 1864 pro
2998 1803 3335 1865 papauere
3381 1793 3451 1846 et
3494 1803 3599 1860 seq

402 1890 584 1953 mine
631 1889 869 1972 canapi
931 1910 1058 1952 sex
1102 1899 1266 1953 scot.
1313 1893 1473 1953 item
1539 1885 1899 1972 pistoribus
1965 1891 2343 1974 regalibus:
2410 1891 2568 1952 item
2635 1910 2756 1971 pro
2823 1891 3088 1954 duobus
3152 1890 3327 1952 coris
3391 1888 3601 1953 ferine

401 1998 556 2060 albe
601 2007 669 2060 et
713 1997 994 2081 siliginis
1039 2007 1300 2078 septem
1347 2007 1509 2061 scot.
1557 1997 1716 2060 item
1765 2018 1890 2080 pro
1935 1998 2230 2079 piscibus
2295 1999 2677 2060 recentibus
2740 1999 2825 2061 ad
2873 1996 3283 2061 fricsandum
3332 1998 3396 2060 in
3448 1999 3599 2060 oleo

399 2123 526 2186 pro
571 2103 845 2168 domino
893 2105 1098 2188 Rege
1145 2115 1299 2168 octo
1345 2114 1508 2168 scot.
1555 2105 1715 2168 item
1763 2126 1886 2187 pro
1933 2107 2084 2169 oleo
2131 2105 2486 2187 papaueris
2532 2114 2821 2187 quatuor
2867 2117 3029 2168 scot.

615 2213 788 2276 Item
836 2215 923 2276 ad
969 2212 1325 2294 coquinam
1383 2213 1653 2276 domine
1719 2213 2010 2296 Regine,
2078 2212 2168 2274 ibi
2213 2233 2349 2276 non
2397 2211 2520 2275 fuit
2566 2213 2826 2276 iuuenis
2891 2213 3203 2296 Regina:
3270 2212 3429 2275 item
3476 2231 3599 2295 pro

398 2321 696 2405 piscibus
739 2320 1122 2384 recentibus
1167 2319 1277 2382 IX
1323 2329 1488 2383 scot.
1553 2319 1712 2382 item
1761 2340 1882 2402 pro
1929 2320 2222 2402 piscibus
2269 2321 2461 2382 salsis
2510 2319 2611 2382 VI
2658 2340 2747 2382 sc.
2814 2320 2971 2382 item
3020 2340 3144 2402 pro
3189 2319 3487 2382 alecibus
3533 2318 3599 2381 in

400 2439 700 2512 aparatu,
745 2427 904 2490 item
952 2447 1074 2509 pro
1121 2425 1272 2488 oleo
1326 2435 1618 2509 quatuor
1663 2447 1763 2511 gr.
1829 2427 1988 2490 item
2055 2447 2180 2509 pro
2225 2428 2372 2509 piso
2420 2439 2489 2490 et
2536 2427 2736 2490 mileo
2782 2447 2909 2490 sex
2956 2447 3055 2510 gr.
3121 2427 3279 2490 item
3328 2446 3450 2508 pro
3494 2445 3598 2490 se·

399 2538 580 2600 mine
625 2533 880 2617 canapi,
927 2553 1263 2616 papauere
1307 2553 1435 2596 sex
1481 2553 1582 2617 gr.
1629 2535 1786 2596 item
1836 2556 1957 2617 pro
1997 2535 2416 2598 cruczmorka
2462 2545 2532 2596 et
2566 2534 2937 2618 pasternak
2970 2543 3261 2617 quatuor
3296 2554 3397 2618 gr.
3436 2534 3595 2596 item

397 2666 523 2728 pro
567 2642 840 2707 simellis
887 2653 954 2706 et
1000 2641 1262 2705 circulis
1308 2652 1446 2704 tres
1491 2663 1593 2726 gr.
1639 2642 1798 2704 item
1844 2662 1968 2724 pro
2014 2663 2150 2704 vno
2197 2641 2445 2704 octuali
2490 2642 2769 2705 ceruisie
2815 2642 2925 2706 IX
2970 2662 3061 2706 sc.

613 2750 919 2814 Dierario
966 2751 1054 2812 ad
1101 2749 1560 2812 distribuenda
1624 2749 1830 2812 dieria
1875 2749 2174 2823 ducibuS,
2241 2749 2613 2834 dignitarijs
2660 2765 2729 2812 et
2774 2747 3202 2812 officialibus:
3269 2749 3425 2812 item
3474 2768 3596 2830 pro

397 2860 690 2944 piscibus
735 2857 1116 2922 recentibus
1161 2855 1272 2937 ΙΙΙ,
1329 2875 1489 2919 mar.
1536 2855 1696 2919 item
1743 2877 1868 2939 pro
1912 2875 2047 2920 vna
2091 2866 2303 2920 tunna
2350 2857 2629 2938 piscium
2676 2857 3004 2920 salsorum
3051 2865 3187 2919 tres
3232 2875 3393 2920 mar.
3441 2875 3595 2917 cum

394 2990 523 3032 sex
568 2965 788 3040 scotiS‚
833 2967 994 3028 item
1039 2985 1164 3046 pro
1209 2965 1360 3026 oleo
1418 2963 1482 3046 ΙΙ,
1539 2973 1748 3026 tunna
1813 2973 2076 3046 septem
2139 2963 2452 3038 fertoneS,
2516 2964 2675 3026 item
2740 2985 2863 3046 pro
2928 2963 3073 3046 piso
3120 2973 3186 3026 et
3232 2963 3413 3026 milio
3460 2971 3599 3025 tres

395 3075 546 3139 fert.
589 3075 748 3137 item
796 3093 918 3154 pro
965 3071 1222 3134 semine
1289 3070 1526 3152 canapi
1572 3080 1640 3133 et
1687 3091 2023 3153 papauere
2067 3081 2331 3152 septem
2378 3091 2467 3134 sc.
2534 3071 2695 3134 item
2742 3089 2865 3154 pro
2910 3071 3202 3134 semellis
3248 3080 3383 3134 tres
3430 3079 3595 3134 scot.

393 3185 556 3247 item
605 3179 842 3265 viginti
887 3178 1176 3242 octualia
1239 3178 1517 3242 ceruisie
1561 3198 1684 3261 pro
1729 3187 1872 3242 tota
1936 3178 2118 3242 curia
2181 3179 2653 3254 distribuenda,
2720 3179 3069 3261 quodlibet
3112 3197 3234 3260 per
3276 3177 3381 3240 IX
3431 3187 3595 3240 scot.

393 3293 462 3354 in
509 3299 653 3355 toto
697 3287 855 3352 facit
899 3285 1036 3348 VH
1051 3286 1116 3368 ΙΙ,
1173 3305 1334 3350 mar.

612 3397 784 3459 Item
829 3395 939 3457 die
984 3393 1272 3456 crastina
1319 3393 1375 3475 (2
1387 3393 1520 3477 2l3)
1568 3391 1842 3456 domina
1885 3393 2164 3478 Regina
2209 3393 2565 3475 prelibauit
2610 3403 2679 3456 et
2714 3393 2989 3456 recessit
3032 3391 3231 3456 simul
3276 3412 3430 3456 cum
3476 3394 3595 3455 do-

395 3506 580 3569 mino
629 3505 852 3587 Rege.

611 3611 952 3677 Secuntur
995 3618 1312 3690 aparatus
1375 3607 1676 3671 eiusdem
1721 3607 2070 3672 stacionis:
2119 3608 2278 3672 item
2327 3627 2449 3690 pro
2495 3627 2631 3670 vna
2675 3617 2889 3670 tunna
2952 3609 3241 3671 allecum
3306 3617 3598 3689 quatuor

396 3741 558 3784 mar.
605 3719 766 3782 item
813 3737 938 3799 pro
983 3737 1120 3778 vna
1183 3735 1530 3800 sexagena
1591 3717 2022 3780 scutellarum
2071 3715 2206 3778 VII
2253 3725 2419 3779 scot.
2484 3715 2646 3778 item
2694 3734 2817 3796 pro
2882 3715 3093 3779 alueis
3158 3725 3448 3797 quatuor
3493 3734 3593 3798 gr.

394 3829 556 3894 item
604 3847 727 3909 pro
773 3825 1040 3889 duobus
1085 3822 1299 3886 doleis
1345 3831 1500 3886 octo
1545 3832 1708 3886 scot.
1753 3823 1912 3886 item
1960 3843 2082 3905 pro
2129 3824 2393 3885 duabus
2432 3822 2585 3885 tinis
2622 3823 2757 3884 duo
2794 3833 2957 3886 scot.
3002 3822 3165 3885 item
3212 3841 3335 3904 pro
3382 3821 3595 3884 tribus

395 3935 614 4000 vrceis
661 3953 836 3997 vnus
882 3952 972 3996 sc.
1017 3931 1178 3994 item
1226 3950 1348 4012 pro
1395 3951 1530 3992 vna
1593 3950 1944 4014 sexagena
1990 3931 2272 3993 ollarum
2322 3939 2391 3992 et
2437 3930 2857 3994 multralibus
2922 3929 3203 3993 olliculis
3249 3929 3472 4011 parvis
3517 3929 3593 3992 X

393 4054 558 4110 scot.
603 4042 764 4106 item
810 4060 934 4123 pro
977 4037 1212 4122 pilicijs
1256 4047 1324 4100 et
1369 4037 1599 4101 cribris
1644 4048 1932 4120 quatuor
1975 4037 2159 4100 scoti.

611 4149 893 4214 Summa
936 4145 1136 4210 huius
1181 4144 1495 4209 stacionis
1541 4157 1610 4208 et
1653 4155 2016 4228 apparatus
2060 4143 2219 4208 facit
2263 4143 2494 4208 XXX
2541 4164 2701 4207 mar.
2750 4143 2782 4205 I
2830 4163 2930 4228 gr.

611 4255 932 4339 Sequitur
973 4253 1186 4317 stacio
1233 4251 1504 4315 domine
1550 4251 1828 4336 Regine
1884 4262 1953 4314 et
1997 4251 2258 4314 iuuenis
2324 4251 2616 4334 Regine,
2680 4253 2953 4333 quando
3018 4252 3105 4314 de
3170 4247 3597 4334 Nepolomz'ce

396 4367 584 4432 venit
631 4375 698 4428 et
742 4361 1002 4426 iuuenis
1049 4361 1134 4423 de
1183 4359 1614 4423 Claratumba
1661 4358 1800 4441 (23s
1803 4360 1880 4442 3),
1927 4368 2087 4424 tunc
2135 4359 2223 4421 ad
2268 4358 2623 4440 prandium
2672 4359 2912 4421 eodem
2960 4357 3069 4420 die
3114 4357 3269 4420 licet
3314 4358 3399 4419 de
3446 4377 3594 4420 ves·

394 4495 557 4558 pere
603 4471 788 4536 venit
834 4467 1247 4534 Cracouiam.
1311 4466 1486 4529 Item
1551 4486 1675 4548 pro
1738 4466 2030 4548 piscibus
2095 4465 2475 4528 recentibus
2539 4486 2675 4527 vna
2739 4484 2901 4528 mar.
2967 4464 3127 4528 item
3192 4483 3315 4546 pro
3382 4483 3595 4526 crucz-

397 4579 628 4645 morka
673 4588 742 4642 et
777 4573 1149 4662 pasternak
1192 4583 1482 4657 quatuor
1524 4594 1615 4637 se.
1688 4573 1846 4638 item
1893 4594 2018 4656 pro
2065 4573 2384 4636 allecibus
2430 4593 2557 4635 sex
2602 4593 2691 4636 sc.
2740 4572 2899 4635 item
2945 4592 3069 4654 pro
3115 4571 3273 4653 pisis
3310 4581 3377 4634 et
3413 4570 3595 4634 milio

395 4698 685 4772 quatuor
730 4705 832 4769 gr.
900 4683 1056 4746 item
1103 4702 1228 4764 pro
1277 4680 1534 4744 semine
1598 4681 1838 4763 canapi
1883 4690 1951 4744 et
2015 4701 2355 4764 papauere
2419 4680 2715 4762 quinque
2762 4700 2861 4762 gr.
2926 4679 3089 4742 item
3136 4698 3259 4760 pro
3306 4687 3593 4740 auenata

397 4807 467 4860 et
511 4793 828 4858 lenticula
874 4801 1164 4873 quatuor
1210 4809 1311 4873 gr.
1358 4788 1518 4851 item
1565 4809 1688 4870 pro
1735 4789 1887 4852 oleo
1933 4799 2070 4852 tres
2115 4809 2204 4851 sc.
2269 4788 2431 4850 item
2497 4807 2621 4868 pro
2687 4787 2837 4849 ollis
2882 4795 2951 4848 et
2997 4784 3385 4849 ansericulis
3430 4805 3593 4868 qua-

393 4912 550 4966 tuor
593 4920 684 4964 sc.
729 4899 891 4962 item
936 4917 1060 4979 pro
1105 4896 1526 4958 multralibus
1581 4904 1716 4957 troe
1762 4915 1863 4979 gr.
1927 4895 2085 4958 item
2133 4915 2255 4977 pro
2314 4895 2379 4974 ¹l2
2436 4913 2785 4976 sexagena
2828 4893 3261 4956 scutellarum
3307 4901 3595 4974 quatuor

394 5029 486 5074 se.
532 5008 726 5072 item·
740 5024 864 5089 pro
907 5004 1144 5087 pilicijs
1189 5013 1259 5066 et
1303 5003 1536 5066 cribris
1582 5012 1718 5065 tres
1766 5024 1866 5086 gr.
1931 5003 2093 5066 item
2140 5022 2263 5084 pro
2311 5001 2465 5064 tinis
2510 5003 2647 5064 duo
2696 5020 2787 5064 se.
2835 4999 2992 5063 item
3040 5019 3161 5081 pro
3208 4999 3482 5062 simellis
3526 5008 3595 5061 et

395 5114 658 5181 circulis
703 5112 883 5194 111112
943 5132 1046 5196 gr.
1093 5111 1251 5174 item
1301 5111 1437 5173 duo
1484 5129 1650 5173 vasa
1695 5109 1973 5174 ceruisie
2021 5111 2108 5173 de
2156 5108 2557 5172 molendinis
2602 5117 3005 5190 comparata.

611 5221 784 5284 Item
829 5219 996 5283 feria
1041 5217 1276 5302 quinta
1338 5217 1647 5300 sequenti
1711 5217 1768 5299 (2
1779 5235 1814 5296 3
1817 5216 1850 5301 s
1854 5217 1912 5298 3)
1977 5236 2100 5298 pro
2165 5214 2439 5278 simellis
2502 5225 2569 5278 et
2634 5213 2897 5278 circulis
2960 5224 3221 5296 septem
3270 5232 3369 5297 gr.
3432 5212 3594 5276 item

393 5349 608 5394 vnum
651 5349 776 5392 vas
822 5327 1100 5391 ceruisie
1145 5345 1268 5408 pro
1315 5324 1572 5388 braseis
1620 5334 2097 5406 comparatum.

613 5437 784 5499 Item
829 5435 994 5498 feria
1039 5443 1236 5496 sexta
1281 5432 1586 5515 sequenti
1635 5432 1690 5513 (2
1701 5431 1836 5515 4s3)
1872 5451 1994 5512 pro
2043 5430 2319 5492 simellis
2356 5439 2422 5492 et
2459 5429 2723 5492 circulis
2758 5448 2883 5490 sex
2921 5447 3019 5510 gr.
3055 5427 3217 5490 item
3256 5427 3392 5490 duo
3429 5446 3596 5490 vasa

393 5542 679 5608 ceruisie
723 5563 846 5626 pro
890 5544 1135 5605 brazeo
1181 5540 1734 5604 molendinorum.

611 5647 896 5714 Summa
942 5650 1028 5711 ab
1076 5648 1206 5710 alia
1251 5646 1410 5711 facit
1456 5647 1624 5710 duas
1671 5664 1836 5710 mar.
1881 5644 2062 5708 XVI
2107 5655 2270 5708 scot.
2318 5643 2429 5726 Ill„
2488 5665 2589 5728 gr.
