4592 6559
757 521 1138 587 REJESTRA
1182 507 1618 582 wamosxr
1653 521 2316 582 WIELKORZADZCY
2361 518 3022 570 KRAxowsmEGo.
3080 525 3263 585 1419·
3478 523 3596 583 541

409 745 529 806 per
576 724 656 784 V
690 725 923 806 quadr.
969 723 1040 787 X
1089 743 1188 806 gr.
1253 722 1412 784 item
1477 738 1599 802 pro
1646 742 1856 803 parna
1921 720 2218 784 carnium
2285 719 2473 802 porci
2519 718 2693 784 VIII
2739 728 2901 783 scot.
2969 719 3129 781 item
3177 739 3301 800 pro
3347 717 3493 800 piso
3539 728 3608 781 et

408 831 593 895 milio
639 830 707 893 V
755 851 854 915 gr.
900 829 1061 893 item
1108 849 1232 912 pro
1279 828 1554 892 simellis
1599 827 1668 890 II
1715 849 1814 912 gr.
1862 828 2020 891 item
2069 848 2193 912 pro
2237 847 2403 890 vase
2450 827 2731 891 ce‘ruisie
2778 835 3002 908 empte
3048 836 3187 889 tres
3232 823 3377 888 fert.

623 939 800 1002 Duci
846 938 1243 1001 Bernhardo
1290 938 1376 1000 ad
1423 936 1776 1019 prandium
1843 946 1911 999 et
1975 936 2062 999 ad
2109 955 2381 998 cenam:
2450 935 2609 998 item
2673 954 2797 1016 pro
2842 955 2979 996 vno
3026 933 3229 996 ariete
3277 932 3454 996 wiuo
3498 931 3609 994 IX

333 1100 337 1104 .
412 1067 514 1130 gr.
559 1047 719 1109 item
767 1066 890 1128 pro
936 1043 1082 1108 XII
1129 1044 1345 1128 pullis,
1391 1043 1775 1126 recipiendo
1823 1053 1898 1106 ut
1942 1063 2160 1125 supra,
2207 1042 2371 1106 facit
2416 1043 2487 1107 X
2537 1063 2637 1126 gr.
2700 1041 2861 1104 item
2908 1061 3029 1123 pro
3096 1061 3232 1104 vno
3278 1038 3611 1124 quartuali

412 1155 712 1218 carnium
761 1152 934 1216 VIII
983 1173 1084 1237 gr.
1142 1152 1302 1215 item
1349 1172 1472 1234 pro
1519 1151 1679 1232 pisis
1726 1161 1793 1215 et
1840 1150 2024 1214 milio
2070 1149 2137 1211 V
2184 1171 2284 1234 gr.
2351 1150 2509 1214 item
2556 1169 2681 1233 pro
2727 1169 2863 1212 vna
2907 1167 3119 1230 parna
3164 1147 3382 1211 carnis
3429 1146 3613 1230 porci

411 1263 523 1326 IX
569 1270 731 1326 scot.
769 1261 936 1324 item
982 1280 1107 1343 pro
1151 1259 1425 1324 simellis
1472 1279 1646 1322 vnus
1692 1269 1852 1322 scot„
1902 1259 2062 1321 item
2109 1279 2232 1340 pro
2276 1278 2415 1322 vno
2460 1278 2625 1322 vase
2672 1256 2947 1321 ceruisie
2992 1266 3129 1322 tres
3174 1254 3319 1318 fert.

629 1368 805 1433 Duci
852 1365 1202 1432 Cunrado:
1268 1367 1426 1430 item
1473 1383 1597 1449 pro
1643 1375 1884 1450 quarta
1928 1365 2244 1429 carnium·
2292 1376 2522 1448 empta
2584 1385 2708 1448 pro
2772 1363 3037 1447 paratis
3085 1363 3257 1427 VIII
3305 1383 3404 1447 gr.
3451 1361 3613 1425 item

415 1496 540 1560 pro
586 1475 731 1539 XII
776 1476 976 1559 pullis
1021 1475 1262 1556 emptis
1310 1484 1383 1538 ut
1427 1495 1632 1557 supra
1679 1474 1751 1536 X
1800 1494 1898 1557 gr.
1946 1473 2105 1537 item
2153 1494 2276 1556 pro
2323 1494 2462 1536 vno
2507 1473 2714 1536 ariete
2760 1472 2871 1534 IX
2917 1493 3017 1556 gr.
3080 1471 3241 1534 item
3288 1489 3412 1553 pro
3456 1468 3615 1552 pisis

415 1595 484 1648 et
531 1583 713 1648 milio
759 1582 825 1645 V
875 1605 974 1668 gr.
1019 1583 1180 1646 item
1226 1604 1348 1666 pro
1394 1601 1606 1666 parna
1651 1582 1869 1646 carnis
1914 1581 2100 1664 porci
2137 1581 2248 1644 IX
2284 1590 2447 1645 scot.
2496 1581 2655 1644 item
2702 1599 2825 1662 pro
2868 1578 3143 1644 simellis
3188 1579 3259 1642 ΙΙ
3305 1598 3408 1663 gr.
3450 1577 3615 1641 item

415 1711 538 1774 pro
585 1711 748 1756 vase
794 1691 1074 1754 ceruisie
1121 1701 1350 1773 empto
1397 1700 1534 1754 tres
1577 1689 1892 1753 fertones.
3090 1697 3099 1708 '

630 1800 802 1862 Item
851 1799 960 1862 die
1005 1818 1143 1881 quo
1187 1819 1392 1880 supra
1436 1797 1714 1881 dyearia
1779 1817 1914 1860 non
1979 1807 2136 1860 sunt
2202 1795 2575 1870 distributa,
2642 1795 2801 1878 quia
2863 1795 3176 1858 dominus
3239 1793 3407 1857 Rex
3452 1803 3619 1856 tunc

414 1918 720 1988 tempore
766 1906 980 1970 noctis
1024 1915 1394 1970 recesserat
1442 1915 1514 1968 et
1556 1905 1682 1969 sibi
1727 1906 1899 1969 duos
1972 1924 2207 1969 saccos
2270 1903 2483 1968 farine
2546 1904 2690 1967 dari
2736 1902 3097 1976 mandauit,
3164 1920 3375 1964 vnum
3422 1899 3620 1964 tritici

417 2024 488 2078 et
533 2013 716 2078 aliud
759 2013 1058 2098 siliginis,
1103 2014 1276 2077 Item
1323 2033 1451 2096 pro
1498 2013 1752 2077 eisdem
1800 2013 2011 2076 saccis
2057 2011 2286 2087 farine,
2352 2031 2489 2075 vno
2537 2011 2797 2074 triticeo
2842 2030 3026 2072 man·
3051 2024 3207 2072 cum
3254 2006 3357 2070 VI
3405 2028 3503 2092 gr.
3552 2016 3620 2070 et

417 2123 551 2185 alio
597 2121 878 2205 siliginis
924 2141 1047 2203 pro
1093 2119 1237 2184 XV
1284 2120 1504 2196 scoti5‚
1555 2120 1670 2203 qui
1715 2121 1782 2183 in
1829 2129 1972 2184 toto
2017 2119 2272 2183 faciunt
2319 2118 2455 2181 VII
2502 2118 2815 2182 fertones.

635 2228 922 2294 Summa
965 2228 1164 2291 huius
1209 2228 1339 2290 diei
1385 2228 1700 2292 dominici
1745 2227 1904 2292 facit
1939 2227 2215 2312 triginta
2253 2247 2454 2290 marc.
2494 2226 2713 2290 minus
2750 2227 2963 2290 tribus
3000 2225 3253 2310 grossis
3290 2235 3359 2288 et
3395 2224 3624 2286 II-bus

420 2336 921 2421 quadrentibuS.
2127 2409 2144 2428 ἢ

637 2444 808 2506 Item
855 2442 1020 2507 feria
1085 2445 1384 2508 secunda
1447 2444 1760 2527 proxima
1807 2443 2054 2526 (27s11)
2120 2453 2276 2526 post
2339 2463 2678 2507 recessum
2744 2441 2995 2505 domini
3062 2439 3285 2524 Regis
3349 2438 3626 2502 domina

421 2552 684 2616 iuuenis
741 2551 1018 2635 Regina
1063 2571 1216 2614 cum
1267 2552 1541 2615 domina
1588 2547 2014 2614 Manzikowa
2058 2551 2124 2613 in
2175 2548 2673 2635 Nyepolomicze
2716 2561 3202 2613 remanserunt.
3294 2547 3467 2610 Item
3516 2546 3625 2610 die

424 2661 667 2722 eodem
713 2659 799 2722 ad
845 2658 1200 2741 prandium
1267 2667 1336 2722 et
1381 2661 1466 2722 ad
1531 2659 1768 2722 cenam
1833 2679 1956 2741 pro
2003 2678 2140 2721 vno
2185 2678 2470 2740 peccore
2517 2657 2707 2720 XXti
2752 2666 2914 2720 scot.
2980 2656 3137 2719 item
3187 2674 3311 2737 pro
3356 2654 3625 2717 duobus

425 2766 742 2830 arietibus
787 2765 1030 2848 emptis
1075 2766 1152 2829 X
1197 2777 1361 2831 scot.
1423 2767 1587 2830 item
1633 2786 1756 2848 pro
1802 2787 1938 2829 vno
2001 2786 2208 2848 porco
2273 2766 2433 2830 viuo
2497 2775 2773 2848 propter
2833 2763 3118 2828 salsoc'ia
3164 2771 3234 2826 et
3278 2759 3626 2824 farcimina

425 2885 564 2939 tres
611 2873 758 2938 fert.
821 2874 980 2936 item
1045 2895 1168 2956 pro
1233 2873 1511 2958 triginta
1573 2873 1772 2956 pullis
1837 2874 2079 2956 emptis
2141 2893 2266 2956 per
2312 2873 2374 2934 V
2424 2874 2851 2956 quadrenteS.
2908 2870 2972 2953 ΙΙ,
3032 2891 3192 2933 mar.
3240 2889 3395 2932 cum
3443 2868 3477 2931 1
3510 2895 3513 2902 ·
3524 2888 3628 2953 gr.

425 2983 588 3046 item
634 3001 760 3068 pro
807 2992 962 3044 octo
1009 2981 1398 3064 caponibus,
1446 2981 1829 3064 recipiendo
1874 3001 1997 3064 per
2041 2981 2152 3061 Ill,
2211 3002 2309 3065 gr.
2354 2980 2545 3054 fert0,
2610 2979 2771 3042 item
2818 2999 2941 3061 pro
2986 2977 3135 3059 piso
3182 2985 3251 3039 et
3296 2976 3481 3040 milio
3527 2975 3631 3038 VI

427 3111 531 3174 gr.
575 3089 736 3154 item
782 3109 997 3173 parna
1041 3089 1211 3152 lardi
1254 3090 1525 3171 propria
1579 3087 2122 3172 expedicionalis.
2187 3089 2348 3150 item
2398 3108 2523 3173 pro
2567 3088 2743 3150 lacte
2790 3094 2857 3149 et
2903 3105 3131 3148 crema
3174 3085 3253 3146 X
3300 3104 3401 3169 gr.
3466 3083 3627 3152 item

426 3217 550 3280 pro
597 3196 869 3260 simellis
914 3195 1089 3259 VIII
1135 3217 1234 3280 gr.
1281 3197 1439 3260 item
1491 3197 1625 3258 duo
1675 3217 1837 3258 vasa
1901 3195 2180 3259 ceruisie
2245 3204 2473 3277 empta
2536 3215 2661 3276 per
2724 3205 2866 3256 tres·
2904 3192 3047 3256 fert:
3095 3192 3253 3255 facit
3300 3191 3410 3272 Ill„
3470 3211 3635 3254 mar.

425 3304 590 3368 item
636 3324 761 3387 pro
807 3323 934 3367 sex
981 3303 1163 3367 aucis
1208 3323 1326 3386 per
1373 3324 1470 3388 gr.
1519 3305 1778 3386 emptiS,
1823 3319 1950 3367 sex
1998 3324 2096 3387 gr.

645 3411 843 3474 Feria
887 3411 1094 3474 tercia
1160 3412 1406 3495 (28s11)
1473 3413 1744 3475 domina
1811 3411 2089 3496 Regina
2153 3409 2381 3474 iuueni
2444 3410 2693 3474 ibidem
2762 3410 2978 3472 adhuc
3046 3418 3403 3471 manente:
3470 3407 3633 3470 item

429 3540 640 3581 vnum
688 3539 898 3601 pecus
943 3538 1067 3600 pro
1113 3519 1394 3600 prandio
1461 3528 1529 3583 et
1573 3539 1696 3600 pro
1743 3539 1910 3581 cena
1955 3539 2078 3601 pro
2125 3539 2367 3592 marca,
2432 3518 2595 3581 item
2658 3537 2781 3600 pro
2830 3518 3093 3580 duobus
3158 3516 3476 3580 arietibus
3522 3513 3631 3577 IX

429 3635 597 3691 scot.
641 3627 802 3690 item
849 3646 974 3708 pro
1021 3646 1156 3688 vna
1203 3647 1416 3708 patna
1462 3627 1536 3707 (s)
1584 3626 1882 3688 carnium
1928 3627 2115 3709 porci
2159 3627 2529 3689 recentium
2578 3636 2733 3688 octo
2779 3635 2940 3688 scot.
2988 3625 3147 3688 item
3194 3644 3317 3706 pro
3366 3622 3525 3705 pisis
3568 3632 3638 3684 et

435 3754 556 3816 pro
603 3732 788 3797 milio
832 3732 944 3795 IX
991 3753 1091 3817 gr.
1138 3733 1300 3797 item
1347 3754 1472 3816 pro
1537 3733 1778 3817 viginti
1845 3745 2137 3815 quatuor
2199 3734 2397 3815 pullis
2464 3733 2709 3816 emptis
2754 3733 2828 3794 X
2874 3740 3037 3795 scot.
3102 3731 3261 3795 item
3308 3750 3433 3814 pro
3480 3739 3633 3792 octo

435 3841 808 3924 caponibus
849 3840 1200 3916 fertonem,
1263 3841 1423 3903 item
1489 3861 1612 3923 pro
1678 3862 1812 3904 vna
1879 3861 2088 3922 parna
2134 3840 2303 3903 lardi
2349 3840 2459 3902 XI
2506 3850 2668 3903 scot.
2732 3840 2894 3903 item
2958 3859 3083 3921 pro
3147 3841 3381 3901 decem
3449 3837 3635 3900 aucis

437 3949 682 4032 emptis
728 3948 803 4011 X
852 3969 952 4033 gr.
1015 3948 1177 4011 item
1226 3969 1348 4030 pro
1395 3949 1570 4012 lacte
1635 3960 1705 4012 et
1769 3969 1995 4012 crema
2059 3961 2347 4031 quatuor
2409 3957 2573 4011 scot.
2639 3949 2800 4011 item
2866 3968 2990 4029 pro
3054 3946 3329 4010 simellis
3375 3945 3487 4008 IX
3534 3965 3635 4028 gr.

435 4056 596 4119 item
641 4076 764 4138 pro
809 4056 1075 4119 duobus
1122 4055 1300 4118 vasis
1347 4055 1626 4119 ceruisie
1671 4057 1914 4138 emptis
1957 4076 2082 4138 pro
2129 4055 2377 4138 paratis
2424 4054 2723 4138 pecunijs
2770 4068 2837 4118 et
2884 4055 3044 4117 facit
3087 4054 3120 4116 I
3135 4054 3199 4135 ¹l2
3258 4073 3419 4116 mar.

651 4162 848 4227 Feria
894 4172 1133 4246 quarta
1177 4164 1487 4246 sequenti
1535 4165 1780 4245 (29s11)
1830 4164 1916 4226 ad
1962 4164 2317 4246 prandium
2366 4163 2595 4227 iuueni
2640 4162 2916 4247 Regine
2964 4172 3032 4225 et
3066 4164 3155 4225 ad
3202 4181 3461 4235 cenam,
3499 4181 3635 4243 qua

436 4291 607 4336 cena
650 4280 926 4354 peracta
971 4271 1081 4333 die
1129 4271 1366 4334 eadem
1415 4272 1560 4334 sola
1605 4271 1874 4335 domina
1925 4271 2205 4355 Regina
2252 4274 2340 4335 ad
2385 4281 2657 4334 noctem
2703 4269 2907 4334 venit.

651 4379 823 4442 Item
871 4380 1109 4441 eadem
1155 4378 1264 4442 die
1329 4399 1451 4460 pro
1496 4379 1790 4460 piscibus
1853 4378 2235 4443 recentibus
2300 4377 2527 4442 iuueni
2592 4377 2867 4461 Regine
2931 4379 3017 4440 ad
3074 4377 3427 4461 prandium
3475 4395 3637 4438 mar.

437 4507 591 4550 cum
639 4485 741 4548 VI
789 4506 888 4570 gr.
934 4487 1094 4549 item
1142 4507 1264 4568 pro
1311 4496 1579 4549 centum
1619 4487 1784 4549 owis
1822 4487 2064 4568 emptis
2106 4485 2174 4548 V
2213 4507 2313 4570 gr.
2361 4486 2519 4549 item
2570 4486 2675 4569 alij
2724 4486 2941 4567 pisces
2988 4484 3143 4548 salsi
3190 4485 3256 4546 in
3314 4493 3637 4566 apparatu

437 4595 883 4668 habebuntur,
929 4593 1089 4657 item
1136 4614 1259 4677 pro
1305 4595 1440 4657 olla
1496 4593 1697 4656 butiri
1743 4595 1848 4657 IX
1901 4615 2000 4678 gr.
2069 4595 2230 4657 item
2277 4614 2401 4676 pro
2448 4594 2629 4657 milio
2677 4603 2967 4675 quatuor
3013 4612 3112 4676 gr.
3177 4591 3335 4654 item
3381 4611 3505 4673 pro
3563 4589 3627 4672 ΙΙ,ἰ

437 4705 788 4784 sexagena
833 4720 1180 4764 caseorum
1231 4700 1297 4762 V
1344 4720 1444 4784 gr.
1510 4699 1668 4763 item
1718 4721 1841 4782 pro
1887 4701 2084 4764 lacte·
2123 4713 2192 4764 et
2238 4721 2467 4764 crema
2530 4713 2666 4764 tres
2729 4711 2889 4764 scot.
2956 4700 3117 4764 item
3183 4720 3317 4782 pro·
3366 4697 3642 4762 simellis

438 4808 736 4892 quinque
782 4828 881 4892 gr.
3224 4827 3232 4832 ·

652 4915 826 4978 Item
873 4915 960 4978 ad
1007 4935 1244 4979 cenam
1279 4915 1566 4978 domina
1611 4915 1888 4999 Regina
1935 4916 2119 4978 venit
2165 4927 2233 4978 et
2277 4917 2593 4979 dominus
2637 4915 3173 4998 archiepiscopus
3220 4925 3287 4978 et
3334 4915 3642 4978 vicecan-

440 5023 750 5088 cellarius
793 5043 1028 5087 secum
1077 5033 1424 5098 venerunt,
1472 5023 1717 5107 quibus
1764 5023 1990 5086 omnia
2035 5024 2407 5088 necessaria
2461 5024 2831 5086 ministrata
2877 5033 3049 5098 sunt,
3096 5033 3165 5086 et
3210 5023 3485 5086 domina
3522 5023 3643 5084 du·

439 5133 613 5196 cissa
658 5132 744 5194 de
791 5130 1119 5193 Mazouia.
1185 5130 1353 5193 Item
1402 5151 1524 5213 pro
1569 5131 1864 5212 piscibus
1922 5131 2307 5194 recentibus
2354 5132 2385 5194 I
2402 5132 2463 5214 ²l2
2524 5150 2684 5194 mar.
2751 5130 2911 5194 item
2958 5151 3079 5213 pro
3127 5129 3431 5193 ducentis
3476 5129 3644 5192 owis

439 5239 516 5302 X
563 5258 661 5322 gr.
707 5238 868 5301 item
915 5257 1058 5320 pro·
1085 5239 1348 5302 duabus
1395 5238 1542 5302 ollis
1587 5239 1788 5303 butiri
1834 5238 1980 5301 XV
2025 5259 2126 5322 gr.
2171 5239 2332 5301 item
2378 5258 2507 5321 pro
2552 5238 2733 5302 milio
2780 5238 2919 5301 IIII
2958 5259 3057 5322 gr.
3102 5238 3260 5302 item
3310 5249 3430 5320 pro
3470 5238 3501 5300 I
3540 5258 3643 5300 se-

440 5366 718 5432 xagena
754 5365 1102 5409 caseorum
1141 5345 1250 5409 IX
1289 5366 1386 5430 gr.
1433 5346 1592 5409 item
1631 5367 1752 5428 pro
1800 5346 1973 5410 lacte
2011 5356 2078 5410 et
2117 5351 2347 5410 crema
2384 5346 2681 5430 quinque
2718 5355 2882 5409 scot.
2928 5345 3087 5410 item
3126 5365 3337 5409 vnum
3376 5345 3643 5408 octuale

441 5453 723 5518 ceruisie
787 5473 912 5535 pro
957 5453 1206 5516 familia
1267 5453 1474 5517 solius
1537 5454 1806 5517 domine
1870 5453 2147 5537 Regine
2211 5462 2373 5518 tunc
2422 5453 2839 5530 adueniente,
2886 5453 3071 5516 venit
3116 5452 3227 5515 IX
3272 5464 3436 5516 scot.
3481 5451 3641 5515 item

442 5582 566 5645 pro
612 5560 902 5624 semellis
948 5571 1238 5644 quatuor
1283 5581 1383 5645 gr.

657 5668 832 5731 Item
879 5668 1120 5731 eodem
1166 5667 1276 5731 die
1322 5669 1587 5732 ducisse
1633 5670 1721 5732 de
1767 5668 2135 5730 Mazowia:
2182 5669 2343 5730 item
2391 5688 2513 5751 pro
2558 5667 2852 5751 piscibus
2896 5668 3278 5732 recentibus
3324 5667 3434 5731 IX
3481 5676 3646 5731 scot.
