4592 6559
1025 501 1152 576 558
1249 508 1625 574 REJESTRA
1673 496 2101 569 wATROth
2146 508 2821 569 WIELKORZADZCY
2866 510 3528 562 KRAKowsKIEc-o.
3583 518 3764 578 1419,
3822 517 4005 576 1420.

1025 711 1290 793 nenciJ'S‚
1338 709 1554 772 XVII
1600 730 1688 772 se.
1736 708 1894 774 item
1943 711 2080 772 duo
2136 709 2292 792 equi
2340 708 2609 772 fuerunt
2673 711 2759 772 de
2826 711 3284 793 expedicione,
3348 711 3505 774 item
3573 732 3694 793 pro
3758 712 3926 775 sella
3974 713 4227 774 vectori

1023 818 1194 881 VIII
1241 838 1338 902 gr.

1235 925 1518 990 Summa
1565 928 1652 989 ab
1699 925 1829 989 alia
1873 925 2032 988 facit
2080 924 2220 988 XV
2271 945 2433 988 mar.
2482 925 2547 988 II
2594 937 2758 988 scot.
2817 927 2881 1005 ΙΙ,
2940 947 3038 1010 gr.

1145 1059 1150 1064 ·
1235 1033 1406 1096 Item
1471 1033 1757 1096 Iohanni
1820 1032 2038 1097 Czech
2105 1033 2359 1096 caniste
2425 1034 2511 1095 de
2578 1031 3053 1095 Proschowz'cze
3114 1053 3238 1115 pro
3286 1035 3359 1097 X
3405 1035 3579 1096 vlnis
3644 1036 3847 1116 panni
3893 1035 4227 1098 terrestris

1022 1140 1170 1204 XX
1218 1161 1308 1204 sc.
1355 1141 1514 1203 item
1563 1162 1684 1222 pro
1733 1140 1946 1202 ocreis
2011 1140 2230 1202 eidem
2278 1152 2346 1201 et
2391 1139 2641 1202 familie
2688 1161 2813 1202 sue
2862 1140 3043 1202 XVI
3091 1161 3192 1224 gr.
3256 1140 3419 1204 item
3494 1142 3834 1224 Byalcowi
3882 1143 4069 1205 alteri
4116 1163 4225 1204 ca·

1022 1250 1192 1311 niste
1240 1269 1362 1331 pro
1407 1248 1580 1310 VIII
1629 1248 1804 1310 vinis
1850 1249 2053 1329 panni
2117 1248 2451 1310 terrestris
2502 1247 2678 1310 XVI
2728 1259 2893 1311 scot.
2957 1248 3112 1310 item
3164 1269 3284 1330 pro
3332 1251 3543 1312 ocreis
3588 1251 3805 1312 eidem
3855 1261 3927 1312 et
3972 1248 4225 1312 famulo

1020 1377 1142 1420 suo
1190 1356 1332 1418 XV
1382 1377 1480 1440 gr.
1527 1355 1686 1418 item
1737 1355 1998 1418 Coczeli
2047 1355 2217 1417 VIII
2284 1356 2478 1418 vlnas
2541 1357 2747 1438 panni
2795 1375 2914 1438 per
2961 1365 3250 1438 quatuor
3295 1377 3393 1439 gr.
3442 1356 3618 1419 XVI
3666 1367 3829 1420 scot.
3893 1357 4054 1419 item
4104 1377 4224 1438 pro

1020 1464 1232 1527 cereis
1281 1463 1451 1526 VIII
1499 1484 1598 1548 gr.
1665 1463 1825 1526 item
1891 1463 2159 1525 famulis
2224 1462 2541 1526 Iohannis
2605 1464 2889 1526 Bohemi
2956 1473 3024 1524 et
3070 1464 3254 1525 alteri
3319 1463 3573 1526 famulo
3638 1464 4001 1547 Byalconis
4050 1463 4223 1526 XVI

1019 1574 1214 1635 vlnas
1259 1571 1462 1653 panni
1509 1571 1839 1634 terrestris
1886 1591 2006 1651 per
2050 1582 2188 1632 tres
2234 1591 2335 1654 gr.
2386 1591 2547 1634 mar.
2614 1572 2774 1634 item
2826 1572 2914 1633 ad
2962 1590 3296 1652 expensas
3342 1572 3597 1635 eisdem
3663 1572 3935 1635 canistis
3979 1571 4227 1654 pariter

1019 1692 1088 1743 et
1134 1679 1412 1742 canibus
1457 1699 1492 1740 s
1525 1675 1942 1762 prztktawem
2003 1679 2065 1758 Ἰ,
2125 1698 2285 1740 mar.

1233 1787 1394 1848 Alia
1439 1786 1780 1867 expeditio
1827 1786 2196 1849 eorundem
2247 1785 2653 1849 canistarum
2706 1800 2860 1869 post
2906 1787 3153 1850 festum
3202 1799 3434 1850 sancte
3472 1787 3705 1851 Crucis
3749 1807 3955 1869 super
4001 1787 4227 1850 Dobrc

1016 1892 1210 1957 stam'
1244 1913 1422 1956 anno
1469 1894 1726 1956 eodem.
1773 1893 1945 1955 Item
1990 1913 2113 1974 pro
2161 1913 2359 1956 curru
2409 1913 2563 1956 cum
2611 1893 2751 1956 suis
2798 1893 3175 1976 attinencijs
3210 1904 3346 1956 tres
3386 1893 3531 1958 fert.
3578 1895 3741 1958 item
3789 1915 3964 1958 vnus
4012 1915 4225 1976 equus

1019 2004 1105 2065 de
1179 2000 1616 2083 expedicione
1681 2011 1749 2062 et
1821 2001 1988 2063 alter
2072 2022 2192 2083 pro
2265 2002 2515 2083 paratis
2598 2002 2897 2084 pecunijs
2981 2013 3409 2083 comparatus
3472 2022 3595 2084 pro
3668 2002 3893 2066 II-bus
3968 2003 4224 2074 marciS,

1018 2111 1150 2171 due
1199 2128 1422 2171 marce
1487 2127 1640 2170 cum
1707 2128 1843 2171 vno
1907 2107 2187 2182 fertone,
2257 2108 2417 2171 item
2484 2109 2765 2171 Iohanni
2832 2109 3047 2173 Czech
3112 2121 3178 2171 et
3244 2109 3589 2192 Byalcowi
3653 2121 3721 2172 et
3786 2108 4047 2173 Coczeli
4092 2111 4224 2174 cui-

1017 2217 1179 2278 libet
1242 2236 1364 2297 pro
1420 2217 1672 2298 yopula
1731 2215 1793 2295 ll,
1852 2235 2014 2278 mar.
2079 2215 2237 2279 item
2306 2236 2429 2298 pro
2494 2216 2707 2279 ocreis
2771 2217 3025 2279 eisdem
3089 2216 3302 2279 tribus
3365 2217 3543 2280 XIII
3558 2218 3621 2298 Ἰ,
3678 2230 3839 2281 scot.
3904 2218 4065 2280 item
4128 2217 4222 2279 fa-

1017 2323 1214 2386 mulis
1276 2324 1543 2386 duobus
1589 2323 1908 2386 Iohannis
1953 2332 2021 2385 et
2068 2323 2431 2406 Byalconis
2496 2345 2620 2406 pro
2685 2325 2901 2388 ocreis
2967 2325 3112 2389 fert.
3176 2325 3336 2388 item
3404 2345 3525 2406 pro
3591 2324 3909 2408 expensis
3972 2324 4221 2388 eisdem

1017 2441 1154 2494 tres
1198 2430 1344 2493 fert.

1229 2535 1513 2602 Summa
1559 2537 1756 2601 huius
1800 2537 1960 2602 facit
2005 2537 2080 2602 X
2127 2557 2288 2602 mar.
2337 2538 2517 2602 XIII
2564 2551 2727 2604 scot.

2438 2787 2817 2884 (1420).

1229 2967 1550 3052 Sequitur
1594 2968 1724 3031 alia
1771 2967 2123 3050 expedicio
2172 2968 2579 3031 canistarum
2626 2987 2781 3030 cum
2829 2967 3108 3030 canibus
3142 2967 3210 3029 in
3246 2965 3529 3052 Iedlnya
3574 2976 3727 3049 post
3770 2966 4021 3030 festum
4068 2965 4221 3048 Epi-

1017 3075 1208 3152 fanie,
1255 3096 1434 3138 anno
1479 3075 1754 3138 Domini
1803 3075 2161 3138 Millesimo
2210 3072 2467 3138 CCCC⁰
2512 3075 2852 3138 vicesim0.

1228 3183 1398 3246 Item
1467 3203 1589 3264 pro
1654 3181 1976 3245 vehiculis
2041 3201 2195 3244 cum
2262 3182 2645 3265 attinencijs
2708 3202 2943 3252 eorum
2992 3182 3133 3245 XV
3182 3203 3281 3267 gr.
3346 3183 3505 3246 item
3572 3182 3728 3264 equi
3774 3201 4014 3245 omnes
4060 3192 4220 3263 aput

1017 3295 1290 3356 eosdem
1339 3291 1628 3354 canistas
1673 3289 1944 3353 fuerunt
1990 3289 2266 3352 omnino
2326 3289 2661 3353 anichilati
2708 3299 2774 3352 et
2820 3311 2942 3372 pro
2990 3291 3135 3374 alijs
3200 3291 3391 3374 equis
3456 3289 3857 3372 comparatis
3922 3288 4221 3371 pecunijs

1016 3399 1266 3483 paratis
1311 3409 1602 3481 quatuor
1651 3417 1808 3460 mar.
1856 3397 1928 3458 X
1977 3407 2140 3460 scot.
2204 3397 2365 3459 item
2412 3397 2695 3460 Iohanni
2766 3396 2983 3461 Czech
3048 3418 3171 3480 pro
3236 3398 3499 3480 pellicio
3558 3397 3621 3477 ξ’,
3680 3417 3872 3481 sexg.
3920 3395 4081 3460 item
4128 3394 4219 3458 fa-

1015 3510 1200 3571 mulo
1248 3507 1550 3570 eiusdem
1593 3525 1717 3587 pro
1766 3504 1901 3568 VII
1949 3505 2123 3568 vinis
2167 3503 2371 3586 panni
2419 3505 2746 3568 terrestris
2792 3525 2915 3587 per
2958 3515 3096 3568 tres
3142 3525 3245 3589 gr.
3290 3504 3450 3568 facit
3487 3505 3637 3586 ΧῙΙ,Ι
3686 3513 3850 3568 scot.
3896 3503 4057 3567 item
4098 3523 4217 3586 pro

1013 3615 1345 3700 cyrotecis
1389 3613 1641 3676 eisdem
1690 3614 2023 3676 ambobus
2068 3611 2137 3674 II
2183 3622 2345 3675 scot.
2391 3613 2547 3675 item
2598 3634 2722 3696 pro
2768 3613 2958 3695 pileis
2995 3616 3261 3678 duobus
3305 3614 3528 3677 irsutis
3570 3613 3737 3676 alias
3782 3611 4077 3676 kosmate
4119 3611 4219 3674 111

1015 3734 1175 3787 scot.
1221 3723 1380 3785 item
1429 3741 1553 3803 pro
1599 3721 1812 3784 ocreis
1859 3720 2030 3784 binis
2077 3719 2206 3796 vni,
2255 3719 2567 3783 videlicet
2614 3719 2833 3784 Czech
2879 3742 3001 3803 pro
3050 3721 3123 3784 X
3170 3743 3269 3806 gr.
3316 3732 3385 3785 et
3448 3720 3702 3784 famulo
3748 3721 4053 3784 eiusdem
4100 3739 4219 3802 pro

1016 3831 1169 3904 VII,
1216 3829 1372 3892 facit
1418 3828 1632 3891 XVII
1681 3849 1846 3913 gr.-

1228 3937 1400 4000 Item
1451 3935 1796 4018 Byalcowi
1843 3954 1994 3998 cum
2044 3934 2296 3997 famulo
2366 3935 2545 3998 viam
2611 3938 2893 4000 eandem
2963 3937 3323 4020 equitanti:
3390 3937 3551 4000 item
3600 3936 3817 4001 eidem
3868 3935 4217 4018 Byalcowi

1015 4067 1136 4128 pro
1183 4043 1448 4127 pellicio
1495 4042 1675 4106 XIII
1721 4053 1882 4105 scot.
1947 4042 2107 4104 item
2155 4041 2411 4105 famulo
2450 4043 2757 4106 eiusdem
2807 4064 2929 4126 pro
2976 4044 3113 4107 VII
3160 4045 3334 4108 vlnis
3398 4045 3601 4126 panni
3665 4043 4011 4117 terrestriS,
4058 4043 4219 4104 reci-

1015 4154 1259 4235 piendo
1307 4154 1534 4214 vlnam
1583 4170 1704 4232 per
1749 4166 1886 4212 tres
1933 4170 2033 4232 gr.
2081 4151 2233 4232 X¹l2
2291 4161 2455 4214 scot.
2522 4151 2679 4213 item
2730 4171 2849 4233 pro
2896 4150 3229 4234 cyrotecis
3275 4151 3493 4215 eidem
3544 4151 3805 4234 Byalek
3852 4163 3921 4213 et
3966 4149 4219 4212 famulo

1013 4261 1154 4324 eius
1200 4258 1267 4322 II
1313 4269 1477 4321 scot.
1542 4259 1699 4320 item
1748 4278 1870 4338 pro
1919 4256 2108 4339 pileis
2153 4260 2418 4321 duobus
2464 4259 2685 4321 irsutis
2731 4259 2893 4321 alias
2937 4258 3228 4322 kosmate
3273 4259 3375 4321 III
3420 4269 3582 4322 scot.
3628 4260 3787 4322 item
3836 4278 3960 4340 pro
4008 4256 4219 4320 ocreis

1013 4367 1186 4431 binis
1231 4367 1503 4440 eisdem,
1551 4365 1663 4427 vni
1711 4365 2001 4428 minores
2050 4365 2243 4427 alteri
2303 4367 2589 4429 maiores
2636 4365 2891 4446 XV11J2
2952 4387 3051 4450 gr.
3098 4367 3256 4429 item
3306 4367 3557 4429 eisdem
3623 4366 3956 4428 ambobus
4002 4364 4216 4427 senio-

1012 4475 1196 4539 ribus
1242 4473 1528 4546 canistiS,
1575 4473 1886 4536 videlicet
1929 4472 2214 4534 Iohanni
2273 4472 2496 4536 Czech
2562 4486 2629 4536 et
2677 4451 3023 4556 Byalcowi
3070 4476 3155 4537 ad
3202 4473 3509 4536 facienda
3572 4474 3749 4555 palia
3795 4472 3973 4534 XVI
4021 4472 4215 4534 vlnas

1009 4583 1212 4665 panni
1260 4601 1380 4663 per
1427 4591 1714 4662 quatuor
1759 4601 1856 4663 gr.
1906 4599 2068 4642 mar.
2116 4579 2287 4643 VIII
2334 4591 2495 4644 scot.

1226 4689 1398 4751 Item
1447 4687 1708 4750 Coczeli
1753 4687 2044 4750 valteres
2102 4696 2169 4748 et
2233 4689 2399 4750 alios
2465 4707 2665 4750 canes
2729 4689 2794 4749 in
2840 4687 2906 4750 S
2902 4685 3273 4752 chlommki
3322 4688 3595 4762 fouenti,
3642 4699 3711 4752 et
3755 4707 3911 4751 cum
3958 4686 4211 4749 eisdem

1016 4796 1290 4879 prefatis
1335 4795 1442 4858 die
1489 4797 1727 4857 eadem
1793 4795 2069 4858 exeunti
2135 4815 2272 4877 vno
2336 4815 2538 4877 super
2601 4815 2834 4858 curru:
2900 4796 3058 4858 item
3124 4817 3247 4878 pro
3304 4797 3567 4878 pellicio
3613 4795 3793 4859 XIII
3839 4807 4003 4858 scot.
4052 4794 4211 4857 item

1013 4916 1272 4987 septem
1319 4903 1514 4966 vlnas
1560 4903 1762 4984 panni
1826 4922 1948 4984 pro
1997 4903 2172 4983 palio
2219 4923 2341 4984 per
2387 4915 2676 4986 quatuor
2721 4924 2820 4987 gr.
2868 4904 3081 4966 XIIII
3130 4915 3290 4968 scot.
3354 4905 3514 4966 item
3579 4923 3702 4985 pro
3768 4902 4101 4985 cyrotecis
4144 4913 4214 4964 et

1010 5012 1186 5094 pileo
1233 5011 1442 5073 irsuto
1491 5009 1557 5071 V
1606 5031 1708 5094 gr.
1755 5010 1916 5072 item
1975 5029 2098 5092 pro
2145 5011 2357 5073 ocreis
2405 5010 2512 5072 IX
2562 5031 2661 5093 gr.
2726 5011 2884 5072 item
2952 5011 3202 5074 eisdem
3268 5011 3581 5074 omnibus
3626 5030 3827 5092 super
3873 5029 4213 5092 expensas

1010 5119 1258 5202 pariter
1304 5138 1458 5181 cum
1505 5117 1664 5200 ipsis
1709 5127 1982 5192 astante,
2032 5117 2182 5179 XX
2229 5130 2392 5181 scot.

1225 5227 1394 5289 Item
1463 5246 1586 5308 pro
1652 5225 1920 5289 canistis
1986 5229 2070 5290 de
2136 5223 2633 5310 Nyepolomz'cze
2694 5234 2855 5289 tunc
2920 5245 3072 5288 cum
3139 5225 3415 5288 canibus
3477 5245 3853 5289 cerworum
3920 5234 3989 5286 et
4051 5224 4211 5286 retis

1009 5335 1082 5416 (s)
1147 5353 1383 5396 uersus
1449 5332 1714 5396 Yedlna
1777 5333 2246 5416 pergentibus:
2322 5335 2483 5396 item
2550 5333 2833 5396 Iohanni
2907 5352 2977 5396 et
3039 5333 3351 5396 Daniloni
3414 5354 3537 5415 pro
3602 5332 3879 5416 pellicijs
3944 5333 4209 5394 duobus

991 5440 1252 5524 'emptis
1299 5460 1419 5522 per
1465 5440 1646 5503 XIII
1693 5452 1856 5502 scot.
1919 5439 1984 5501 in
2033 5448 2177 5502 toto
2241 5439 2401 5502 facit
2450 5461 2607 5503 mar.
2656 5440 2723 5502 II
2768 5452 2931 5504 scot.
2996 5441 3155 5504 item
3222 5441 3383 5522 (pro)
3448 5439 3780 5522 cyrotecis
3844 5439 4097 5502 eisdem
4144 5450 4211 5500 et

1006 5549 1224 5632 pyleis
1268 5547 1490 5611 irsutis
1539 5547 1604 5609 V
1649 5556 1811 5610 scot.
1877 5544 2037 5608 item
2103 5565 2228 5627 pro
2293 5548 2508 5610 ocreis
2574 5547 2828 5610 eisdem
2894 5548 3223 5611 ambobus
3270 5547 3341 5609 X
3386 5557 3551 5611 scot.
3617 5547 3775 5610 item
3840 5567 4043 5628 super
4088 5565 4207 5609 ex-

1005 5675 1252 5738 pensas
1298 5656 1552 5720 eisdem
1599 5654 1798 5718 simul
1855 5673 2010 5716 cum
2058 5653 2215 5716 retis
2278 5673 2435 5717 cum
2498 5655 2769 5738 speciali
2834 5654 3079 5717 nuncio
3144 5674 3295 5717 cum
3364 5653 3617 5718 eisdem
3683 5653 3889 5717 misso
3934 5663 4207 5736 propter
