<?xml version="1.0" encoding="UTF-8"?>
<!DOCTYPE html PUBLIC "-//W3C//DTD XHTML 1.0 Transitional//EN"
    "http://www.w3.org/TR/xhtml1/DTD/xhtml1-transitional.dtd">
<html xmlns="http://www.w3.org/1999/xhtml" xml:lang="en" lang="en">
 <head>
  <title>
</title>
<meta http-equiv="Content-Type" content="text/html;charset=utf-8" />
  <meta name='ocr-system' content='tesseract 3.04.00' />
  <meta name='ocr-capabilities' content='ocr_page ocr_carea ocr_par ocr_line ocrx_word'/>
</head>
<body>
  <div class='ocr_page' id='page_1' title='image "./rachunkidworukr00unkngoog_0545.png"; bbox 0 0 4592 6559; ppageno 0'>
   <div class='ocr_carea' id='block_1_1' title="bbox 982 403 3840 485">
    <p class='ocr_par' dir='ltr' id='par_1_1' title="bbox 982 403 3840 485">
     <span class='ocr_line' id='line_1_1' title="bbox 982 403 3840 485; baseline -0.002 -17"><span class='ocrx_word' id='word_1_1' title='bbox 982 425 1112 485; x_wconf 88' lang='lat'>520</span> <span class='ocrx_word' id='word_1_2' title='bbox 1329 417 1709 484; x_wconf 77' lang='lat' dir='ltr'>REJESTRA</span> <span class='ocrx_word' id='word_1_3' title='bbox 1755 403 2183 478; x_wconf 51' lang='lat' dir='ltr'>WATROBKI</span> <span class='ocrx_word' id='word_1_4' title='bbox 2230 415 2892 477; x_wconf 50' lang='lat' dir='ltr'>mELKoRzAchr</span> <span class='ocrx_word' id='word_1_5' title='bbox 2937 413 3602 464; x_wconf 71' lang='lat' dir='ltr'>KRAKowsmEGo,</span> <span class='ocrx_word' id='word_1_6' title='bbox 3659 403 3840 479; x_wconf 85' lang='lat'>1418.</span> 
     </span>
    </p>
   </div>
   <div class='ocr_carea' id='block_1_2' title="bbox 980 608 4290 5426">
    <p class='ocr_par' dir='ltr' id='par_1_2' title="bbox 980 608 4212 791">
     <span class='ocr_line' id='line_1_2' title="bbox 980 608 4212 702; baseline -0.004 -19"><span class='ocrx_word' id='word_1_7' title='bbox 980 639 1104 702; x_wconf 88' lang='lat' dir='ltr'>pro</span> <span class='ocrx_word' id='word_1_8' title='bbox 1150 639 1287 683; x_wconf 84' lang='lat' dir='ltr'>vno</span> <span class='ocrx_word' id='word_1_9' title='bbox 1334 637 1535 682; x_wconf 88' lang='lat' dir='ltr'>curru</span> <span class='ocrx_word' id='word_1_10' title='bbox 1580 617 1717 681; x_wconf 89' lang='lat' dir='ltr'>feni</span> <span class='ocrx_word' id='word_1_11' title='bbox 1776 627 2069 700; x_wconf 88' lang='lat' dir='ltr'>quatuor</span> <span class='ocrx_word' id='word_1_12' title='bbox 2114 637 2213 701; x_wconf 88' lang='lat' dir='ltr'>gr.</span> <span class='ocrx_word' id='word_1_13' title='bbox 2278 615 2438 680; x_wconf 86' lang='lat' dir='ltr'>item</span> <span class='ocrx_word' id='word_1_14' title='bbox 2488 636 2611 698; x_wconf 89' lang='lat' dir='ltr'>pro</span> <span class='ocrx_word' id='word_1_15' title='bbox 2657 617 2922 680; x_wconf 88' lang='lat' dir='ltr'>duabus</span> <span class='ocrx_word' id='word_1_16' title='bbox 2987 615 3318 680; x_wconf 85' lang='lat' dir='ltr'>mensuris</span> <span class='ocrx_word' id='word_1_17' title='bbox 3385 633 3602 678; x_wconf 89' lang='lat' dir='ltr'>auene</span> <span class='ocrx_word' id='word_1_18' title='bbox 3648 613 3760 676; x_wconf 88' lang='lat' dir='ltr'>IX</span> <span class='ocrx_word' id='word_1_19' title='bbox 3803 633 3896 676; x_wconf 92' lang='grc'>50.</span> <span class='ocrx_word' id='word_1_20' title='bbox 3989 608 4212 672; x_wconf 88' lang='lat' dir='ltr'>Vltra</span> 
     </span>
     <span class='ocr_line' id='line_1_3' title="bbox 982 721 3974 791; baseline -0.001 -2"><span class='ocrx_word' id='word_1_21' title='bbox 982 747 1117 789; x_wconf 92' lang='lat' dir='ltr'>non</span> <span class='ocrx_word' id='word_1_22' title='bbox 1166 726 1715 791; x_wconf 83' lang='lat' dir='ltr'>ministrabantur</span> <span class='ocrx_word' id='word_1_23' title='bbox 1761 725 1982 789; x_wconf 90' lang='lat' dir='ltr'>eidem</span> <span class='ocrx_word' id='word_1_24' title='bbox 2028 722 2408 788; x_wconf 89' lang='lat' dir='ltr'>necessaria</span> <span class='ocrx_word' id='word_1_25' title='bbox 2455 734 2582 788; x_wconf 90' lang='lat' dir='ltr'>etc.</span> <span class='ocrx_word' id='word_1_26' title='bbox 2629 765 2632 768; x_wconf 88' lang='lat'>-</span> <span class='ocrx_word' id='word_1_27' title='bbox 3966 721 3974 728; x_wconf 80' lang='grc'>’</span> 
     </span>
    </p>

    <p class='ocr_par' dir='ltr' id='par_1_3' title="bbox 1196 830 3198 915">
     <span class='ocr_line' id='line_1_4' title="bbox 1196 830 3198 915; baseline -0.001 -18"><span class='ocrx_word' id='word_1_28' title='bbox 1196 831 1480 897; x_wconf 89' lang='lat' dir='ltr'>Summa</span> <span class='ocrx_word' id='word_1_29' title='bbox 1526 833 1724 896; x_wconf 91' lang='lat' dir='ltr'>huius</span> <span class='ocrx_word' id='word_1_30' title='bbox 1771 833 2132 914; x_wconf 85' lang='lat' dir='ltr'>columpne</span> <span class='ocrx_word' id='word_1_31' title='bbox 2178 830 2339 896; x_wconf 90' lang='lat' dir='ltr'>facit</span> <span class='ocrx_word' id='word_1_32' title='bbox 2385 832 2556 895; x_wconf 81' lang='lat' dir='ltr'>duas</span> <span class='ocrx_word' id='word_1_33' title='bbox 2601 851 2864 895; x_wconf 89' lang='lat' dir='ltr'>marcas</span> <span class='ocrx_word' id='word_1_34' title='bbox 2910 830 3047 894; x_wconf 91' lang='lat' dir='ltr'>VII</span> <span class='ocrx_word' id='word_1_35' title='bbox 3094 851 3198 915; x_wconf 82' lang='lat' dir='ltr'>gr.</span> 
     </span>
    </p>

    <p class='ocr_par' dir='ltr' id='par_1_4' title="bbox 984 931 4206 1552">
     <span class='ocr_line' id='line_1_5' title="bbox 1198 931 4206 1022; baseline -0.003 -18"><span class='ocrx_word' id='word_1_36' title='bbox 1198 940 1372 1004; x_wconf 86' lang='lat' dir='ltr'><strong>Item</strong></span> <span class='ocrx_word' id='word_1_37' title='bbox 1420 951 1740 1011; x_wconf 86' lang='lat' dir='ltr'>secuntur</span> <span class='ocrx_word' id='word_1_38' title='bbox 1768 941 2123 1004; x_wconf 85' lang='lat' dir='ltr'>distributa</span> <span class='ocrx_word' id='word_1_39' title='bbox 2152 959 2273 1022; x_wconf 87' lang='lat' dir='ltr'>pro</span> <span class='ocrx_word' id='word_1_40' title='bbox 2311 939 2610 1002; x_wconf 81' lang='lat' dir='ltr'>stacione</span> <span class='ocrx_word' id='word_1_41' title='bbox 2655 937 3060 1021; x_wconf 82' lang='lat' dir='ltr'>metropoliti</span> <span class='ocrx_word' id='word_1_42' title='bbox 3098 937 3528 1022; x_wconf 89' lang='lat' dir='ltr'>Kyouiensis,</span> <span class='ocrx_word' id='word_1_43' title='bbox 3573 936 3848 1020; x_wconf 83' lang='lat' dir='ltr'>quando</span> <span class='ocrx_word' id='word_1_44' title='bbox 3885 935 3975 998; x_wconf 89' lang='lat' dir='ltr'>de</span> <span class='ocrx_word' id='word_1_45' title='bbox 4009 931 4206 996; x_wconf 85' lang='lat' dir='ltr'>Con-</span> 
     </span>
     <span class='ocr_line' id='line_1_6' title="bbox 984 1039 4204 1130; baseline -0.002 -20"><span class='ocrx_word' id='word_1_46' title='bbox 984 1048 1343 1112; x_wconf 87' lang='lat' dir='ltr'>stanciensi</span> <span class='ocrx_word' id='word_1_47' title='bbox 1388 1048 1669 1111; x_wconf 90' lang='lat' dir='ltr'>concilio</span> <span class='ocrx_word' id='word_1_48' title='bbox 1724 1047 1999 1122; x_wconf 88' lang='lat' dir='ltr'>reuenit,</span> <span class='ocrx_word' id='word_1_49' title='bbox 2066 1056 2134 1111; x_wconf 91' lang='lat' dir='ltr'>et</span> <span class='ocrx_word' id='word_1_50' title='bbox 2179 1046 2397 1130; x_wconf 86' lang='lat' dir='ltr'>primo</span> <span class='ocrx_word' id='word_1_51' title='bbox 2441 1045 2605 1110; x_wconf 87' lang='lat' dir='ltr'>feria</span> <span class='ocrx_word' id='word_1_52' title='bbox 2668 1047 2904 1130; x_wconf 88' lang='lat' dir='ltr'>quinta</span> <span class='ocrx_word' id='word_1_53' title='bbox 2964 1046 3114 1128; x_wconf 87' lang='lat' dir='ltr'>ipso</span> <span class='ocrx_word' id='word_1_54' title='bbox 3177 1046 3286 1109; x_wconf 89' lang='lat' dir='ltr'>die</span> <span class='ocrx_word' id='word_1_55' title='bbox 3349 1044 3826 1110; x_wconf 85' lang='lat' dir='ltr'>Asscensionis</span> <span class='ocrx_word' id='word_1_56' title='bbox 3873 1041 4033 1127; x_wconf 90' lang='grc'>(515)</span> <span class='ocrx_word' id='word_1_57' title='bbox 4107 1039 4204 1102; x_wconf 90' lang='lat' dir='ltr'>ad</span> 
     </span>
     <span class='ocr_line' id='line_1_7' title="bbox 985 1149 4205 1238; baseline -0.003 -20"><span class='ocrx_word' id='word_1_58' title='bbox 985 1157 1376 1237; x_wconf 88' lang='lat' dir='ltr'>prandium:</span> <span class='ocrx_word' id='word_1_59' title='bbox 1441 1155 1601 1219; x_wconf 86' lang='lat' dir='ltr'>item</span> <span class='ocrx_word' id='word_1_60' title='bbox 1649 1176 1772 1238; x_wconf 88' lang='lat' dir='ltr'>pro</span> <span class='ocrx_word' id='word_1_61' title='bbox 1818 1156 2133 1220; x_wconf 88' lang='lat' dir='ltr'>carnibus</span> <span class='ocrx_word' id='word_1_62' title='bbox 2190 1153 2458 1218; x_wconf 88' lang='lat' dir='ltr'>bouinis</span> <span class='ocrx_word' id='word_1_63' title='bbox 2506 1163 2799 1236; x_wconf 88' lang='lat' dir='ltr'>quatuor</span> <span class='ocrx_word' id='word_1_64' title='bbox 2841 1164 3036 1220; x_wconf 67' lang='lat' dir='ltr'>scot..</span> <span class='ocrx_word' id='word_1_65' title='bbox 3070 1153 3234 1217; x_wconf 87' lang='lat' dir='ltr'>item</span> <span class='ocrx_word' id='word_1_66' title='bbox 3280 1174 3402 1235; x_wconf 92' lang='lat' dir='ltr'>pro</span> <span class='ocrx_word' id='word_1_67' title='bbox 3447 1152 3707 1215; x_wconf 87' lang='lat' dir='ltr'>lardine</span> <span class='ocrx_word' id='word_1_68' title='bbox 3753 1150 3821 1214; x_wconf 89' lang='lat'>11</span> <span class='ocrx_word' id='word_1_69' title='bbox 3867 1170 3959 1213; x_wconf 91' lang='lat' dir='ltr'>sc.</span> <span class='ocrx_word' id='word_1_70' title='bbox 4023 1149 4205 1210; x_wconf 89' lang='lat' dir='ltr'>item</span> 
     </span>
     <span class='ocr_line' id='line_1_8' title="bbox 988 1259 4202 1347; baseline -0.002 -23"><span class='ocrx_word' id='word_1_71' title='bbox 988 1282 1111 1344; x_wconf 90' lang='lat' dir='ltr'>pro</span> <span class='ocrx_word' id='word_1_72' title='bbox 1158 1262 1359 1345; x_wconf 89' lang='lat' dir='ltr'>pullis</span> <span class='ocrx_word' id='word_1_73' title='bbox 1405 1273 1545 1326; x_wconf 89' lang='lat' dir='ltr'>tres</span> <span class='ocrx_word' id='word_1_74' title='bbox 1591 1283 1693 1347; x_wconf 86' lang='lat' dir='ltr'>gr.</span> <span class='ocrx_word' id='word_1_75' title='bbox 1739 1263 1902 1326; x_wconf 90' lang='lat' dir='ltr'>item</span> <span class='ocrx_word' id='word_1_76' title='bbox 1952 1263 2190 1344; x_wconf 89' lang='lat' dir='ltr'>pisum,</span> <span class='ocrx_word' id='word_1_77' title='bbox 2238 1261 2492 1324; x_wconf 88' lang='lat' dir='ltr'>milium</span> <span class='ocrx_word' id='word_1_78' title='bbox 2541 1271 2735 1324; x_wconf 89' lang='lat' dir='ltr'>erant</span> <span class='ocrx_word' id='word_1_79' title='bbox 2781 1262 2870 1325; x_wconf 92' lang='lat' dir='ltr'>de</span> <span class='ocrx_word' id='word_1_80' title='bbox 2916 1261 3180 1334; x_wconf 90' lang='lat' dir='ltr'>allodio,</span> <span class='ocrx_word' id='word_1_81' title='bbox 3225 1261 3386 1324; x_wconf 89' lang='lat' dir='ltr'>item</span> <span class='ocrx_word' id='word_1_82' title='bbox 3432 1259 3720 1342; x_wconf 83' lang='lat' dir='ltr'>ipsemet</span> <span class='ocrx_word' id='word_1_83' title='bbox 3765 1277 4006 1320; x_wconf 85' lang='lat' dir='ltr'>carnes</span> <span class='ocrx_word' id='word_1_84' title='bbox 4051 1275 4202 1318; x_wconf 88' lang='lat' dir='ltr'>non</span> 
     </span>
     <span class='ocr_line' id='line_1_9' title="bbox 988 1363 4205 1451; baseline -0.002 -19"><span class='ocrx_word' id='word_1_85' title='bbox 988 1371 1391 1434; x_wconf 84' lang='lat' dir='ltr'>comedebat</span> <span class='ocrx_word' id='word_1_86' title='bbox 1437 1390 1593 1433; x_wconf 92' lang='lat' dir='ltr'>cum</span> <span class='ocrx_word' id='word_1_87' title='bbox 1638 1370 1777 1434; x_wconf 88' lang='lat' dir='ltr'>suis</span> <span class='ocrx_word' id='word_1_88' title='bbox 1825 1369 2181 1442; x_wconf 88' lang='lat' dir='ltr'>monachis,</span> <span class='ocrx_word' id='word_1_89' title='bbox 2231 1369 2394 1431; x_wconf 90' lang='lat' dir='ltr'>item</span> <span class='ocrx_word' id='word_1_90' title='bbox 2461 1389 2585 1450; x_wconf 87' lang='lat' dir='ltr'>pro</span> <span class='ocrx_word' id='word_1_91' title='bbox 2631 1369 2929 1450; x_wconf 90' lang='lat' dir='ltr'>piscibus</span> <span class='ocrx_word' id='word_1_92' title='bbox 2989 1379 3280 1451; x_wconf 88' lang='lat' dir='ltr'>quatuor</span> <span class='ocrx_word' id='word_1_93' title='bbox 3323 1388 3413 1431; x_wconf 90' lang='lat' dir='ltr'>sc.</span> <span class='ocrx_word' id='word_1_94' title='bbox 3478 1367 3638 1430; x_wconf 90' lang='lat' dir='ltr'>item</span> <span class='ocrx_word' id='word_1_95' title='bbox 3685 1386 3809 1447; x_wconf 91' lang='lat' dir='ltr'>pro</span> <span class='ocrx_word' id='word_1_96' title='bbox 3855 1363 4019 1438; x_wconf 88' lang='lat' dir='ltr'>ouis,</span> <span class='ocrx_word' id='word_1_97' title='bbox 4067 1365 4205 1425; x_wconf 91' lang='lat' dir='ltr'>bu-</span> 
     </span>
     <span class='ocr_line' id='line_1_10' title="bbox 988 1477 2048 1552; baseline 0.001 -13"><span class='ocrx_word' id='word_1_98' title='bbox 988 1477 1133 1552; x_wconf 89' lang='lat' dir='ltr'>tiro,</span> <span class='ocrx_word' id='word_1_99' title='bbox 1177 1478 1405 1550; x_wconf 81' lang='lat' dir='ltr'>caseiS‚</span> <span class='ocrx_word' id='word_1_100' title='bbox 1452 1477 1727 1541; x_wconf 89' lang='lat' dir='ltr'>simellis</span> <span class='ocrx_word' id='word_1_101' title='bbox 1773 1487 1911 1540; x_wconf 85' lang='lat' dir='ltr'>tres</span> <span class='ocrx_word' id='word_1_102' title='bbox 1956 1497 2048 1540; x_wconf 91' lang='grc'>50.</span> 
     </span>
    </p>

    <p class='ocr_par' dir='ltr' id='par_1_5' title="bbox 990 1581 4200 1882">
     <span class='ocr_line' id='line_1_11' title="bbox 1208 1581 4200 1668; baseline -0.002 -21"><span class='ocrx_word' id='word_1_103' title='bbox 1208 1584 1379 1648; x_wconf 90' lang='lat' dir='ltr'>Item</span> <span class='ocrx_word' id='word_1_104' title='bbox 1428 1604 1552 1667; x_wconf 88' lang='lat' dir='ltr'>pro</span> <span class='ocrx_word' id='word_1_105' title='bbox 1599 1586 1865 1649; x_wconf 90' lang='lat' dir='ltr'>duobus</span> <span class='ocrx_word' id='word_1_106' title='bbox 1912 1585 2217 1649; x_wconf 89' lang='lat' dir='ltr'>curribus</span> <span class='ocrx_word' id='word_1_107' title='bbox 2262 1583 2400 1647; x_wconf 89' lang='lat' dir='ltr'>feni</span> <span class='ocrx_word' id='word_1_108' title='bbox 2445 1584 2553 1647; x_wconf 87' lang='lat' dir='ltr'>IX</span> <span class='ocrx_word' id='word_1_109' title='bbox 2603 1604 2704 1668; x_wconf 85' lang='lat' dir='ltr'>gr.</span> <span class='ocrx_word' id='word_1_110' title='bbox 2769 1583 2930 1647; x_wconf 90' lang='lat' dir='ltr'>item</span> <span class='ocrx_word' id='word_1_111' title='bbox 2975 1604 3100 1666; x_wconf 92' lang='lat' dir='ltr'>pro</span> <span class='ocrx_word' id='word_1_112' title='bbox 3163 1583 3376 1646; x_wconf 89' lang='lat' dir='ltr'>tribus</span> <span class='ocrx_word' id='word_1_113' title='bbox 3419 1581 3748 1645; x_wconf 87' lang='lat' dir='ltr'>mensuris</span> <span class='ocrx_word' id='word_1_114' title='bbox 3791 1599 4012 1644; x_wconf 89' lang='lat' dir='ltr'>auene</span> <span class='ocrx_word' id='word_1_115' title='bbox 4057 1588 4200 1642; x_wconf 87' lang='lat' dir='ltr'>tre-</span> 
     </span>
     <span class='ocr_line' id='line_1_12' title="bbox 990 1687 4200 1776; baseline -0.002 -22"><span class='ocrx_word' id='word_1_116' title='bbox 990 1692 1229 1770; x_wconf 76' lang='lat' dir='ltr'>decem</span> <span class='ocrx_word' id='word_1_117' title='bbox 1276 1712 1365 1755; x_wconf 90' lang='lat' dir='ltr'>sc.</span> <span class='ocrx_word' id='word_1_118' title='bbox 1411 1691 1446 1754; x_wconf 90' lang='grc' dir='ltr'>Ι</span> <span class='ocrx_word' id='word_1_119' title='bbox 1492 1712 1591 1776; x_wconf 86' lang='lat' dir='ltr'>gr.</span> <span class='ocrx_word' id='word_1_120' title='bbox 1646 1692 1807 1755; x_wconf 91' lang='lat' dir='ltr'>item</span> <span class='ocrx_word' id='word_1_121' title='bbox 1853 1692 1888 1755; x_wconf 90' lang='grc' dir='ltr'>Ι</span> <span class='ocrx_word' id='word_1_122' title='bbox 1935 1712 2057 1755; x_wconf 84' lang='lat' dir='ltr'>vas</span> <span class='ocrx_word' id='word_1_123' title='bbox 2122 1692 2403 1756; x_wconf 88' lang='lat' dir='ltr'>ceruisie</span> <span class='ocrx_word' id='word_1_124' title='bbox 2468 1691 2732 1774; x_wconf 89' lang='lat' dir='ltr'>proprie</span> <span class='ocrx_word' id='word_1_125' title='bbox 2799 1692 3184 1754; x_wconf 84' lang='lat' dir='ltr'>braxature.</span> <span class='ocrx_word' id='word_1_126' title='bbox 3273 1689 3366 1754; x_wconf 91' lang='lat' dir='ltr'>Et</span> <span class='ocrx_word' id='word_1_127' title='bbox 3427 1693 3557 1753; x_wconf 92' lang='lat' dir='ltr'>hoc</span> <span class='ocrx_word' id='word_1_128' title='bbox 3620 1690 3776 1752; x_wconf 89' lang='lat' dir='ltr'>ideo</span> <span class='ocrx_word' id='word_1_129' title='bbox 3837 1687 4073 1751; x_wconf 89' lang='lat' dir='ltr'>fenum</span> <span class='ocrx_word' id='word_1_130' title='bbox 4123 1695 4200 1748; x_wconf 89' lang='lat' dir='ltr'>et</span> 
     </span>
     <span class='ocr_line' id='line_1_13' title="bbox 993 1797 3805 1882; baseline 0 -22"><span class='ocrx_word' id='word_1_131' title='bbox 993 1818 1215 1861; x_wconf 91' lang='lat' dir='ltr'>auena</span> <span class='ocrx_word' id='word_1_132' title='bbox 1261 1801 1675 1874; x_wconf 86' lang='lat' dir='ltr'>emebantur,</span> <span class='ocrx_word' id='word_1_133' title='bbox 1724 1800 1882 1882; x_wconf 92' lang='lat' dir='ltr'>quia</span> <span class='ocrx_word' id='word_1_134' title='bbox 1927 1801 2153 1863; x_wconf 88' lang='lat' dir='ltr'>omnia</span> <span class='ocrx_word' id='word_1_135' title='bbox 2200 1799 2509 1881; x_wconf 82' lang='lat' dir='ltr'>exposita</span> <span class='ocrx_word' id='word_1_136' title='bbox 2554 1798 2826 1862; x_wconf 87' lang='lat' dir='ltr'>fuerunt</span> <span class='ocrx_word' id='word_1_137' title='bbox 2871 1799 2938 1861; x_wconf 90' lang='lat' dir='ltr'>in</span> <span class='ocrx_word' id='word_1_138' title='bbox 2985 1798 3286 1862; x_wconf 89' lang='lat' dir='ltr'>stacione</span> <span class='ocrx_word' id='word_1_139' title='bbox 3330 1797 3805 1862; x_wconf 79' lang='lat' dir='ltr'>coronacioniS.</span> 
     </span>
    </p>

    <p class='ocr_par' dir='ltr' id='par_1_6' title="bbox 992 1903 4201 2313">
     <span class='ocr_line' id='line_1_14' title="bbox 1206 1903 4200 1990; baseline -0.002 -21"><span class='ocrx_word' id='word_1_140' title='bbox 1206 1907 1380 1970; x_wconf 89' lang='lat' dir='ltr'>Item</span> <span class='ocrx_word' id='word_1_141' title='bbox 1428 1906 1593 1970; x_wconf 89' lang='lat' dir='ltr'>feria</span> <span class='ocrx_word' id='word_1_142' title='bbox 1638 1917 1833 1970; x_wconf 83' lang='lat' dir='ltr'>sexta</span> <span class='ocrx_word' id='word_1_143' title='bbox 1880 1907 1945 1969; x_wconf 93' lang='lat' dir='ltr'>in</span> <span class='ocrx_word' id='word_1_144' title='bbox 1994 1907 2281 1971; x_wconf 89' lang='lat' dir='ltr'>crastino</span> <span class='ocrx_word' id='word_1_145' title='bbox 2329 1906 2769 1971; x_wconf 88' lang='lat' dir='ltr'>Ascensionis</span> <span class='ocrx_word' id='word_1_146' title='bbox 2815 1905 2974 1990; x_wconf 90' lang='grc'>(615)</span> <span class='ocrx_word' id='word_1_147' title='bbox 3042 1907 3131 1969; x_wconf 90' lang='lat' dir='ltr'>ad</span> <span class='ocrx_word' id='word_1_148' title='bbox 3175 1907 3530 1988; x_wconf 88' lang='lat' dir='ltr'>prandium</span> <span class='ocrx_word' id='word_1_149' title='bbox 3577 1925 3700 1987; x_wconf 90' lang='lat' dir='ltr'>pro</span> <span class='ocrx_word' id='word_1_150' title='bbox 3747 1903 4042 1986; x_wconf 88' lang='lat' dir='ltr'>piscibus</span> <span class='ocrx_word' id='word_1_151' title='bbox 4089 1921 4200 1964; x_wconf 88' lang='lat' dir='ltr'>re-</span> 
     </span>
     <span class='ocr_line' id='line_1_15' title="bbox 993 2008 4201 2098; baseline -0.002 -21"><span class='ocrx_word' id='word_1_152' title='bbox 993 2013 1299 2080; x_wconf 86' lang='lat' dir='ltr'>centibus</span> <span class='ocrx_word' id='word_1_153' title='bbox 1344 2034 1473 2077; x_wconf 72' lang='grc' dir='ltr'>5οκ</span> <span class='ocrx_word' id='word_1_154' title='bbox 1518 2034 1608 2078; x_wconf 86' lang='grc'>50.</span> <span class='ocrx_word' id='word_1_155' title='bbox 1654 2015 1813 2078; x_wconf 91' lang='lat' dir='ltr'>item</span> <span class='ocrx_word' id='word_1_156' title='bbox 1862 2035 1987 2096; x_wconf 88' lang='lat' dir='ltr'>pro</span> <span class='ocrx_word' id='word_1_157' title='bbox 2033 2016 2187 2078; x_wconf 92' lang='lat' dir='ltr'>oleo</span> <span class='ocrx_word' id='word_1_158' title='bbox 2232 2015 2265 2076; x_wconf 99' lang='grc' dir='ltr'>Ι</span> <span class='ocrx_word' id='word_1_159' title='bbox 2315 2035 2414 2098; x_wconf 85' lang='lat' dir='ltr'>gr.</span> <span class='ocrx_word' id='word_1_160' title='bbox 2460 2015 2620 2077; x_wconf 90' lang='lat' dir='ltr'>item</span> <span class='ocrx_word' id='word_1_161' title='bbox 2667 2034 2791 2096; x_wconf 89' lang='lat' dir='ltr'>pro</span> <span class='ocrx_word' id='word_1_162' title='bbox 2837 2013 3095 2076; x_wconf 88' lang='lat' dir='ltr'>cancris</span> <span class='ocrx_word' id='word_1_163' title='bbox 3141 2023 3211 2076; x_wconf 92' lang='lat' dir='ltr'>et</span> <span class='ocrx_word' id='word_1_164' title='bbox 3256 2013 3507 2076; x_wconf 89' lang='lat' dir='ltr'>simelis</span> <span class='ocrx_word' id='word_1_165' title='bbox 3552 2022 3692 2076; x_wconf 89' lang='lat' dir='ltr'>tres</span> <span class='ocrx_word' id='word_1_166' title='bbox 3737 2031 3838 2095; x_wconf 86' lang='lat' dir='ltr'>gr.</span> <span class='ocrx_word' id='word_1_167' title='bbox 3883 2010 4048 2073; x_wconf 89' lang='lat' dir='ltr'>item</span> <span class='ocrx_word' id='word_1_168' title='bbox 4097 2008 4201 2091; x_wconf 86' lang='lat' dir='ltr'>pi-</span> 
     </span>
     <span class='ocr_line' id='line_1_16' title="bbox 992 2118 4199 2204; baseline -0.002 -20"><span class='ocrx_word' id='word_1_169' title='bbox 992 2141 1161 2192; x_wconf 89' lang='lat' dir='ltr'>sum,</span> <span class='ocrx_word' id='word_1_170' title='bbox 1210 2122 1464 2190; x_wconf 89' lang='lat' dir='ltr'>milium</span> <span class='ocrx_word' id='word_1_171' title='bbox 1512 2134 1704 2186; x_wconf 88' lang='lat' dir='ltr'>erant</span> <span class='ocrx_word' id='word_1_172' title='bbox 1749 2124 1835 2185; x_wconf 92' lang='lat' dir='ltr'>de</span> <span class='ocrx_word' id='word_1_173' title='bbox 1883 2122 2149 2196; x_wconf 90' lang='lat' dir='ltr'>allodi0,</span> <span class='ocrx_word' id='word_1_174' title='bbox 2212 2122 2372 2185; x_wconf 89' lang='lat' dir='ltr'>item</span> <span class='ocrx_word' id='word_1_175' title='bbox 2440 2142 2562 2204; x_wconf 86' lang='lat' dir='ltr'>pro</span> <span class='ocrx_word' id='word_1_176' title='bbox 2608 2123 2875 2184; x_wconf 83' lang='lat' dir='ltr'>duobus</span> <span class='ocrx_word' id='word_1_177' title='bbox 2939 2121 3244 2185; x_wconf 88' lang='lat' dir='ltr'>curribus</span> <span class='ocrx_word' id='word_1_178' title='bbox 3290 2120 3428 2184; x_wconf 88' lang='lat' dir='ltr'>feni</span> <span class='ocrx_word' id='word_1_179' title='bbox 3475 2120 3648 2183; x_wconf 88' lang='lat' dir='ltr'>VIII</span> <span class='ocrx_word' id='word_1_180' title='bbox 3695 2139 3794 2203; x_wconf 86' lang='lat' dir='ltr'>gr.</span> <span class='ocrx_word' id='word_1_181' title='bbox 3861 2118 4020 2181; x_wconf 89' lang='lat' dir='ltr'>item</span> <span class='ocrx_word' id='word_1_182' title='bbox 4069 2136 4199 2199; x_wconf 88' lang='lat' dir='ltr'>pro</span> 
     </span>
     <span class='ocr_line' id='line_1_17' title="bbox 994 2229 2440 2313; baseline 0.001 -21"><span class='ocrx_word' id='word_1_183' title='bbox 994 2229 1207 2293; x_wconf 89' lang='lat' dir='ltr'>tribus</span> <span class='ocrx_word' id='word_1_184' title='bbox 1253 2229 1583 2292; x_wconf 87' lang='lat' dir='ltr'>mensuris</span> <span class='ocrx_word' id='word_1_185' title='bbox 1629 2249 1846 2292; x_wconf 89' lang='lat' dir='ltr'>auene</span> <span class='ocrx_word' id='word_1_186' title='bbox 1892 2229 2072 2292; x_wconf 89' lang='lat' dir='ltr'>XIII</span> <span class='ocrx_word' id='word_1_187' title='bbox 2120 2249 2211 2293; x_wconf 91' lang='lat' dir='ltr'>sc.</span> <span class='ocrx_word' id='word_1_188' title='bbox 2260 2229 2293 2291; x_wconf 96' lang='lat' dir='ltr'>I</span> <span class='ocrx_word' id='word_1_189' title='bbox 2342 2249 2440 2313; x_wconf 85' lang='lat' dir='ltr'>gr.</span> 
     </span>
    </p>

    <p class='ocr_par' dir='ltr' id='par_1_7' title="bbox 994 2333 4198 2744">
     <span class='ocr_line' id='line_1_18' title="bbox 1210 2333 4194 2419; baseline -0.001 -20"><span class='ocrx_word' id='word_1_190' title='bbox 1210 2337 1381 2400; x_wconf 89' lang='lat' dir='ltr'>Item</span> <span class='ocrx_word' id='word_1_191' title='bbox 1430 2338 1715 2402; x_wconf 89' lang='lat' dir='ltr'>sabbato</span> <span class='ocrx_word' id='word_1_192' title='bbox 1762 2337 2073 2419; x_wconf 81' lang='lat' dir='ltr'>proximo</span> <span class='ocrx_word' id='word_1_193' title='bbox 2130 2346 2283 2418; x_wconf 87' lang='lat' dir='ltr'>post</span> <span class='ocrx_word' id='word_1_194' title='bbox 2345 2335 2590 2400; x_wconf 88' lang='lat' dir='ltr'>festum</span> <span class='ocrx_word' id='word_1_195' title='bbox 2659 2336 3096 2399; x_wconf 89' lang='lat' dir='ltr'>Ascensionis</span> <span class='ocrx_word' id='word_1_196' title='bbox 3142 2336 3299 2419; x_wconf 87' lang='grc'>(715)</span> <span class='ocrx_word' id='word_1_197' title='bbox 3349 2337 3439 2399; x_wconf 91' lang='lat' dir='ltr'>ad</span> <span class='ocrx_word' id='word_1_198' title='bbox 3483 2334 3838 2418; x_wconf 87' lang='lat' dir='ltr'>prandium</span> <span class='ocrx_word' id='word_1_199' title='bbox 3883 2355 4006 2416; x_wconf 89' lang='lat' dir='ltr'>pro</span> <span class='ocrx_word' id='word_1_200' title='bbox 4051 2333 4194 2416; x_wconf 88' lang='lat' dir='ltr'>pis·</span> 
     </span>
     <span class='ocr_line' id='line_1_19' title="bbox 994 2441 4198 2529; baseline -0.002 -21"><span class='ocrx_word' id='word_1_201' title='bbox 994 2445 1185 2508; x_wconf 89' lang='lat' dir='ltr'>cibus</span> <span class='ocrx_word' id='word_1_202' title='bbox 1232 2445 1529 2528; x_wconf 90' lang='lat' dir='ltr'>quinque</span> <span class='ocrx_word' id='word_1_203' title='bbox 1574 2465 1665 2508; x_wconf 91' lang='lat' dir='ltr'>sc.</span> <span class='ocrx_word' id='word_1_204' title='bbox 1712 2445 1872 2507; x_wconf 85' lang='lat' dir='ltr'>item</span> <span class='ocrx_word' id='word_1_205' title='bbox 1920 2465 2043 2529; x_wconf 89' lang='lat' dir='ltr'>pro</span> <span class='ocrx_word' id='word_1_206' title='bbox 2089 2444 2235 2507; x_wconf 90' lang='lat' dir='ltr'>ouis</span> <span class='ocrx_word' id='word_1_207' title='bbox 2283 2444 2349 2506; x_wconf 94' lang='lat' dir='ltr'>II</span> <span class='ocrx_word' id='word_1_208' title='bbox 2397 2465 2486 2508; x_wconf 89' lang='lat' dir='ltr'>sc.</span> <span class='ocrx_word' id='word_1_209' title='bbox 2541 2444 2702 2507; x_wconf 90' lang='lat' dir='ltr'>item</span> <span class='ocrx_word' id='word_1_210' title='bbox 2751 2465 2874 2527; x_wconf 92' lang='lat' dir='ltr'>pro</span> <span class='ocrx_word' id='word_1_211' title='bbox 2921 2444 3156 2518; x_wconf 85' lang='lat' dir='ltr'>butiro,</span> <span class='ocrx_word' id='word_1_212' title='bbox 3203 2445 3392 2518; x_wconf 85' lang='lat' dir='ltr'>lacte,</span> <span class='ocrx_word' id='word_1_213' title='bbox 3440 2443 3655 2508; x_wconf 88' lang='lat' dir='ltr'>caseis</span> <span class='ocrx_word' id='word_1_214' title='bbox 3699 2453 3840 2506; x_wconf 89' lang='lat' dir='ltr'>tres</span> <span class='ocrx_word' id='word_1_215' title='bbox 3884 2461 3983 2526; x_wconf 81' lang='lat' dir='ltr'>gr.</span> <span class='ocrx_word' id='word_1_216' title='bbox 4035 2441 4198 2503; x_wconf 89' lang='lat' dir='ltr'>item</span> 
     </span>
     <span class='ocr_line' id='line_1_20' title="bbox 1001 2550 4196 2636; baseline -0.001 -22"><span class='ocrx_word' id='word_1_217' title='bbox 1001 2572 1123 2634; x_wconf 88' lang='lat' dir='ltr'>pro</span> <span class='ocrx_word' id='word_1_218' title='bbox 1172 2552 1437 2616; x_wconf 90' lang='lat' dir='ltr'>duobus</span> <span class='ocrx_word' id='word_1_219' title='bbox 1500 2552 1801 2615; x_wconf 86' lang='lat' dir='ltr'>curribus</span> <span class='ocrx_word' id='word_1_220' title='bbox 1864 2551 2001 2615; x_wconf 89' lang='lat' dir='ltr'>feni</span> <span class='ocrx_word' id='word_1_221' title='bbox 2046 2551 2157 2614; x_wconf 90' lang='lat' dir='ltr'>IX</span> <span class='ocrx_word' id='word_1_222' title='bbox 2204 2573 2306 2636; x_wconf 85' lang='lat' dir='ltr'>gr.</span> <span class='ocrx_word' id='word_1_223' title='bbox 2359 2552 2519 2616; x_wconf 90' lang='lat' dir='ltr'>item</span> <span class='ocrx_word' id='word_1_224' title='bbox 2585 2572 2708 2635; x_wconf 89' lang='lat' dir='ltr'>pro</span> <span class='ocrx_word' id='word_1_225' title='bbox 2771 2552 2985 2615; x_wconf 90' lang='lat' dir='ltr'>tribus</span> <span class='ocrx_word' id='word_1_226' title='bbox 3050 2552 3381 2616; x_wconf 88' lang='lat' dir='ltr'>mensuris</span> <span class='ocrx_word' id='word_1_227' title='bbox 3447 2571 3662 2614; x_wconf 90' lang='lat' dir='ltr'>auene</span> <span class='ocrx_word' id='word_1_228' title='bbox 3727 2550 4050 2613; x_wconf 84' lang='lat' dir='ltr'>tredecim</span> <span class='ocrx_word' id='word_1_229' title='bbox 4095 2568 4196 2611; x_wconf 89' lang='lat' dir='ltr'>sc.</span> 
     </span>
     <span class='ocr_line' id='line_1_21' title="bbox 997 2660 1292 2744; baseline 0 -21"><span class='ocrx_word' id='word_1_230' title='bbox 997 2660 1032 2723; x_wconf 90' lang='grc' dir='ltr'>Ι</span> <span class='ocrx_word' id='word_1_231' title='bbox 1079 2680 1292 2744; x_wconf 85' lang='lat' dir='ltr'>gross.</span> 
     </span>
    </p>

    <p class='ocr_par' dir='ltr' id='par_1_8' title="bbox 1000 2764 4290 3387">
     <span class='ocr_line' id='line_1_22' title="bbox 1213 2764 4290 2851; baseline -0.002 -21"><span class='ocrx_word' id='word_1_232' title='bbox 1213 2766 1387 2830; x_wconf 91' lang='lat' dir='ltr'>Item</span> <span class='ocrx_word' id='word_1_233' title='bbox 1435 2766 1543 2830; x_wconf 91' lang='lat' dir='ltr'>die</span> <span class='ocrx_word' id='word_1_234' title='bbox 1590 2767 1924 2830; x_wconf 91' lang='lat' dir='ltr'>dominico</span> <span class='ocrx_word' id='word_1_235' title='bbox 1970 2767 2277 2850; x_wconf 86' lang='lat' dir='ltr'>sequenti</span> <span class='ocrx_word' id='word_1_236' title='bbox 2317 2765 2474 2851; x_wconf 90' lang='grc'>(815)</span> <span class='ocrx_word' id='word_1_237' title='bbox 2513 2768 2604 2830; x_wconf 89' lang='lat' dir='ltr'>ad</span> <span class='ocrx_word' id='word_1_238' title='bbox 2640 2767 3013 2850; x_wconf 88' lang='lat' dir='ltr'>prandium,</span> <span class='ocrx_word' id='word_1_239' title='bbox 3058 2768 3244 2831; x_wconf 88' lang='lat' dir='ltr'>solus</span> <span class='ocrx_word' id='word_1_240' title='bbox 3289 2786 3573 2850; x_wconf 89' lang='lat' dir='ltr'>pransus</span> <span class='ocrx_word' id='word_1_241' title='bbox 3617 2767 3801 2849; x_wconf 92' lang='lat' dir='ltr'>apud</span> <span class='ocrx_word' id='word_1_242' title='bbox 3845 2764 4202 2828; x_wconf 89' lang='lat' dir='ltr'>dominum</span> <span class='ocrx_word' id='word_1_243' title='bbox 4277 2774 4290 2780; x_wconf 83' lang='grc'><em>·</em></span> 
     </span>
     <span class='ocr_line' id='line_1_23' title="bbox 1000 2871 4203 2958; baseline -0.001 -22"><span class='ocrx_word' id='word_1_244' title='bbox 1000 2874 1441 2956; x_wconf 86' lang='lat' dir='ltr'>capitaneum,</span> <span class='ocrx_word' id='word_1_245' title='bbox 1486 2885 1650 2938; x_wconf 91' lang='lat' dir='ltr'>tunc</span> <span class='ocrx_word' id='word_1_246' title='bbox 1694 2873 1943 2938; x_wconf 88' lang='lat' dir='ltr'>familie</span> <span class='ocrx_word' id='word_1_247' title='bbox 1989 2875 2132 2938; x_wconf 90' lang='lat' dir='ltr'>eius</span> <span class='ocrx_word' id='word_1_248' title='bbox 2180 2895 2300 2956; x_wconf 87' lang='lat' dir='ltr'>pro</span> <span class='ocrx_word' id='word_1_249' title='bbox 2349 2875 2662 2938; x_wconf 87' lang='lat' dir='ltr'>carnibus</span> <span class='ocrx_word' id='word_1_250' title='bbox 2708 2875 2970 2938; x_wconf 90' lang='lat' dir='ltr'>bouinis</span> <span class='ocrx_word' id='word_1_251' title='bbox 3016 2875 3313 2958; x_wconf 90' lang='lat' dir='ltr'>quinque</span> <span class='ocrx_word' id='word_1_252' title='bbox 3357 2896 3450 2938; x_wconf 90' lang='grc'>50.</span> <span class='ocrx_word' id='word_1_253' title='bbox 3503 2875 3666 2938; x_wconf 90' lang='lat' dir='ltr'>item</span> <span class='ocrx_word' id='word_1_254' title='bbox 3715 2893 3836 2956; x_wconf 89' lang='lat' dir='ltr'>pro</span> <span class='ocrx_word' id='word_1_255' title='bbox 3881 2871 4083 2955; x_wconf 88' lang='lat' dir='ltr'>pullis</span> <span class='ocrx_word' id='word_1_256' title='bbox 4129 2879 4203 2934; x_wconf 92' lang='lat' dir='ltr'>et</span> 
     </span>
     <span class='ocr_line' id='line_1_24' title="bbox 1004 2980 4202 3066; baseline -0.001 -22"><span class='ocrx_word' id='word_1_257' title='bbox 1004 2981 1261 3045; x_wconf 89' lang='lat' dir='ltr'>lardine</span> <span class='ocrx_word' id='word_1_258' title='bbox 1286 2993 1445 3046; x_wconf 87' lang='lat' dir='ltr'>-tres</span> <span class='ocrx_word' id='word_1_259' title='bbox 1488 3002 1577 3046; x_wconf 92' lang='lat' dir='ltr'>sc.</span> <span class='ocrx_word' id='word_1_260' title='bbox 1626 2982 1783 3045; x_wconf 88' lang='lat' dir='ltr'>item</span> <span class='ocrx_word' id='word_1_261' title='bbox 1830 2982 2071 3065; x_wconf 91' lang='lat' dir='ltr'>pisum,</span> <span class='ocrx_word' id='word_1_262' title='bbox 2136 2982 2391 3045; x_wconf 90' lang='lat' dir='ltr'>milium</span> <span class='ocrx_word' id='word_1_263' title='bbox 2439 2991 2630 3046; x_wconf 89' lang='lat' dir='ltr'>erant</span> <span class='ocrx_word' id='word_1_264' title='bbox 2673 2983 2759 3045; x_wconf 89' lang='lat' dir='ltr'>de</span> <span class='ocrx_word' id='word_1_265' title='bbox 2809 2982 3086 3066; x_wconf 86' lang='lat' dir='ltr'>allodijs,</span> <span class='ocrx_word' id='word_1_266' title='bbox 3151 2983 3312 3046; x_wconf 92' lang='lat' dir='ltr'>item</span> <span class='ocrx_word' id='word_1_267' title='bbox 3374 2984 3466 3046; x_wconf 89' lang='lat' dir='ltr'>ad</span> <span class='ocrx_word' id='word_1_268' title='bbox 3513 3001 3752 3045; x_wconf 89' lang='lat' dir='ltr'>cenam</span> <span class='ocrx_word' id='word_1_269' title='bbox 3797 2982 4042 3044; x_wconf 91' lang='lat' dir='ltr'>eodem</span> <span class='ocrx_word' id='word_1_270' title='bbox 4087 2980 4202 3042; x_wconf 89' lang='lat' dir='ltr'>die</span> 
     </span>
     <span class='ocr_line' id='line_1_25' title="bbox 1001 3086 4202 3172; baseline -0.002 -18"><span class='ocrx_word' id='word_1_271' title='bbox 1001 3089 1123 3171; x_wconf 90' lang='lat' dir='ltr'>ipsi</span> <span class='ocrx_word' id='word_1_272' title='bbox 1170 3089 1443 3152; x_wconf 90' lang='lat' dir='ltr'>domino</span> <span class='ocrx_word' id='word_1_273' title='bbox 1498 3090 1920 3172; x_wconf 89' lang='lat' dir='ltr'>metropolito</span> <span class='ocrx_word' id='word_1_274' title='bbox 1985 3109 2107 3172; x_wconf 89' lang='lat' dir='ltr'>pro</span> <span class='ocrx_word' id='word_1_275' title='bbox 2170 3088 2464 3171; x_wconf 87' lang='lat' dir='ltr'>piscibus</span> <span class='ocrx_word' id='word_1_276' title='bbox 2527 3089 2908 3154; x_wconf 88' lang='lat' dir='ltr'>recentibus</span> <span class='ocrx_word' id='word_1_277' title='bbox 2974 3100 3111 3153; x_wconf 90' lang='lat' dir='ltr'>tres</span> <span class='ocrx_word' id='word_1_278' title='bbox 3157 3110 3246 3153; x_wconf 88' lang='lat' dir='ltr'>sc.</span> <span class='ocrx_word' id='word_1_279' title='bbox 3313 3090 3472 3153; x_wconf 91' lang='lat' dir='ltr'>item</span> <span class='ocrx_word' id='word_1_280' title='bbox 3539 3109 3664 3171; x_wconf 88' lang='lat' dir='ltr'>pro</span> <span class='ocrx_word' id='word_1_281' title='bbox 3729 3089 3892 3162; x_wconf 89' lang='lat' dir='ltr'>ouis,</span> <span class='ocrx_word' id='word_1_282' title='bbox 3955 3086 4202 3158; x_wconf 87' lang='lat' dir='ltr'>butir0‚</span> 
     </span>
     <span class='ocr_line' id='line_1_26' title="bbox 1000 3195 4202 3281; baseline -0.002 -21"><span class='ocrx_word' id='word_1_283' title='bbox 1000 3199 1195 3270; x_wconf 85' lang='lat' dir='ltr'>lacte,</span> <span class='ocrx_word' id='word_1_284' title='bbox 1243 3197 1517 3260; x_wconf 91' lang='lat' dir='ltr'>simellis</span> <span class='ocrx_word' id='word_1_285' title='bbox 1547 3208 1701 3267; x_wconf 31' lang='lat' dir='ltr'>,tres</span> <span class='ocrx_word' id='word_1_286' title='bbox 1736 3218 1828 3260; x_wconf 89' lang='lat' dir='ltr'>sc.</span> <span class='ocrx_word' id='word_1_287' title='bbox 1874 3197 2035 3260; x_wconf 89' lang='lat' dir='ltr'>item</span> <span class='ocrx_word' id='word_1_288' title='bbox 2083 3217 2207 3279; x_wconf 86' lang='lat' dir='ltr'>pro</span> <span class='ocrx_word' id='word_1_289' title='bbox 2252 3199 2523 3261; x_wconf 88' lang='lat' dir='ltr'>duobus</span> <span class='ocrx_word' id='word_1_290' title='bbox 2567 3197 2872 3261; x_wconf 89' lang='lat' dir='ltr'>curribus</span> <span class='ocrx_word' id='word_1_291' title='bbox 2916 3196 3052 3260; x_wconf 89' lang='lat' dir='ltr'>feni</span> <span class='ocrx_word' id='word_1_292' title='bbox 3088 3197 3198 3260; x_wconf 90' lang='lat' dir='ltr'>IX</span> <span class='ocrx_word' id='word_1_293' title='bbox 3237 3218 3338 3281; x_wconf 88' lang='lat' dir='ltr'>gr.</span> <span class='ocrx_word' id='word_1_294' title='bbox 3383 3198 3544 3261; x_wconf 90' lang='lat' dir='ltr'>item</span> <span class='ocrx_word' id='word_1_295' title='bbox 3589 3217 3712 3281; x_wconf 91' lang='lat' dir='ltr'>pro</span> <span class='ocrx_word' id='word_1_296' title='bbox 3758 3195 3974 3259; x_wconf 87' lang='lat' dir='ltr'>tribus</span> <span class='ocrx_word' id='word_1_297' title='bbox 4002 3214 4202 3257; x_wconf 88' lang='lat' dir='ltr'>men-</span> 
     </span>
     <span class='ocr_line' id='line_1_27' title="bbox 1004 3305 3869 3387; baseline 0 -21"><span class='ocrx_word' id='word_1_298' title='bbox 1004 3305 1177 3366; x_wconf 88' lang='lat' dir='ltr'>suris</span> <span class='ocrx_word' id='word_1_299' title='bbox 1224 3324 1439 3368; x_wconf 88' lang='lat' dir='ltr'>auene</span> <span class='ocrx_word' id='word_1_300' title='bbox 1484 3305 1807 3367; x_wconf 87' lang='lat' dir='ltr'>tredecim</span> <span class='ocrx_word' id='word_1_301' title='bbox 1854 3325 1944 3368; x_wconf 89' lang='lat' dir='ltr'>sc.</span> <span class='ocrx_word' id='word_1_302' title='bbox 1992 3305 2025 3367; x_wconf 97' lang='lat' dir='ltr'>I</span> <span class='ocrx_word' id='word_1_303' title='bbox 2072 3324 2170 3386; x_wconf 86' lang='lat' dir='ltr'>gr.</span> <span class='ocrx_word' id='word_1_304' title='bbox 2215 3305 2378 3367; x_wconf 91' lang='lat' dir='ltr'>item</span> <span class='ocrx_word' id='word_1_305' title='bbox 2427 3324 2633 3368; x_wconf 89' lang='lat' dir='ltr'>vnum</span> <span class='ocrx_word' id='word_1_306' title='bbox 2681 3325 2802 3368; x_wconf 88' lang='lat' dir='ltr'>vas</span> <span class='ocrx_word' id='word_1_307' title='bbox 2849 3305 3128 3368; x_wconf 83' lang='lat' dir='ltr'>ceruisie</span> <span class='ocrx_word' id='word_1_308' title='bbox 3175 3305 3441 3387; x_wconf 88' lang='lat' dir='ltr'>proprie</span> <span class='ocrx_word' id='word_1_309' title='bbox 3484 3306 3869 3368; x_wconf 84' lang='lat' dir='ltr'>braxature.</span> 
     </span>
    </p>

    <p class='ocr_par' dir='ltr' id='par_1_9' title="bbox 1002 3411 4206 3926">
     <span class='ocr_line' id='line_1_28' title="bbox 1218 3411 4204 3497; baseline -0.001 -23"><span class='ocrx_word' id='word_1_310' title='bbox 1218 3412 1392 3476; x_wconf 89' lang='lat' dir='ltr'>Item</span> <span class='ocrx_word' id='word_1_311' title='bbox 1438 3411 1603 3474; x_wconf 87' lang='lat' dir='ltr'>feria</span> <span class='ocrx_word' id='word_1_312' title='bbox 1647 3413 1949 3475; x_wconf 90' lang='lat' dir='ltr'>secunda</span> <span class='ocrx_word' id='word_1_313' title='bbox 1992 3413 2302 3494; x_wconf 89' lang='lat' dir='ltr'>sequenti</span> <span class='ocrx_word' id='word_1_314' title='bbox 2369 3413 2525 3497; x_wconf 85' lang='grc'>(915)</span> <span class='ocrx_word' id='word_1_315' title='bbox 2574 3414 2661 3475; x_wconf 90' lang='lat' dir='ltr'>ad</span> <span class='ocrx_word' id='word_1_316' title='bbox 2709 3411 3060 3494; x_wconf 88' lang='lat' dir='ltr'>prandium</span> <span class='ocrx_word' id='word_1_317' title='bbox 3107 3412 3374 3486; x_wconf 89' lang='lat' dir='ltr'>familie,</span> <span class='ocrx_word' id='word_1_318' title='bbox 3437 3412 3596 3496; x_wconf 91' lang='lat' dir='ltr'>quia</span> <span class='ocrx_word' id='word_1_319' title='bbox 3657 3411 3842 3475; x_wconf 90' lang='lat' dir='ltr'>solus</span> <span class='ocrx_word' id='word_1_320' title='bbox 3889 3411 4204 3474; x_wconf 88' lang='lat' dir='ltr'>comede·</span> 
     </span>
     <span class='ocr_line' id='line_1_29' title="bbox 1004 3517 4204 3602; baseline -0.001 -19"><span class='ocrx_word' id='word_1_321' title='bbox 1004 3521 1123 3583; x_wconf 90' lang='lat' dir='ltr'>bat</span> <span class='ocrx_word' id='word_1_322' title='bbox 1168 3520 1349 3602; x_wconf 89' lang='lat' dir='ltr'>apud</span> <span class='ocrx_word' id='word_1_323' title='bbox 1396 3519 1743 3582; x_wconf 89' lang='lat' dir='ltr'>dominum</span> <span class='ocrx_word' id='word_1_324' title='bbox 1791 3519 2440 3592; x_wconf 89' lang='lat' dir='ltr'>vicecancellarium,</span> <span class='ocrx_word' id='word_1_325' title='bbox 2484 3521 2606 3582; x_wconf 86' lang='lat' dir='ltr'>sed</span> <span class='ocrx_word' id='word_1_326' title='bbox 2649 3518 2904 3582; x_wconf 89' lang='lat' dir='ltr'>familia</span> <span class='ocrx_word' id='word_1_327' title='bbox 2947 3519 3016 3582; x_wconf 91' lang='lat' dir='ltr'>in</span> <span class='ocrx_word' id='word_1_328' title='bbox 3062 3520 3306 3583; x_wconf 91' lang='lat' dir='ltr'>domo:</span> <span class='ocrx_word' id='word_1_329' title='bbox 3349 3519 3510 3582; x_wconf 90' lang='lat' dir='ltr'>item</span> <span class='ocrx_word' id='word_1_330' title='bbox 3558 3539 3681 3602; x_wconf 88' lang='lat' dir='ltr'>pro</span> <span class='ocrx_word' id='word_1_331' title='bbox 3727 3519 4040 3582; x_wconf 88' lang='lat' dir='ltr'>carnibus</span> <span class='ocrx_word' id='word_1_332' title='bbox 4083 3517 4204 3579; x_wconf 90' lang='lat' dir='ltr'>bo-</span> 
     </span>
     <span class='ocr_line' id='line_1_30' title="bbox 1004 3621 4204 3710; baseline -0.002 -20"><span class='ocrx_word' id='word_1_333' title='bbox 1004 3627 1176 3690; x_wconf 88' lang='lat' dir='ltr'>uinis</span> <span class='ocrx_word' id='word_1_334' title='bbox 1222 3636 1510 3709; x_wconf 89' lang='lat' dir='ltr'>quatuor</span> <span class='ocrx_word' id='word_1_335' title='bbox 1553 3647 1646 3690; x_wconf 87' lang='lat' dir='ltr'>sc.</span> <span class='ocrx_word' id='word_1_336' title='bbox 1692 3627 1851 3689; x_wconf 87' lang='lat' dir='ltr'>item</span> <span class='ocrx_word' id='word_1_337' title='bbox 1910 3645 2033 3708; x_wconf 89' lang='lat' dir='ltr'>pro</span> <span class='ocrx_word' id='word_1_338' title='bbox 2080 3627 2295 3708; x_wconf 80' lang='lat' dir='ltr'>pulliS,</span> <span class='ocrx_word' id='word_1_339' title='bbox 2345 3626 2602 3689; x_wconf 88' lang='lat' dir='ltr'>lardine</span> <span class='ocrx_word' id='word_1_340' title='bbox 2650 3626 2717 3689; x_wconf 96' lang='lat' dir='ltr'>II</span> <span class='ocrx_word' id='word_1_341' title='bbox 2765 3647 2856 3690; x_wconf 87' lang='lat' dir='ltr'>sc.</span> <span class='ocrx_word' id='word_1_342' title='bbox 2920 3627 3078 3689; x_wconf 89' lang='lat' dir='ltr'>item</span> <span class='ocrx_word' id='word_1_343' title='bbox 3127 3647 3250 3710; x_wconf 89' lang='lat' dir='ltr'>pro</span> <span class='ocrx_word' id='word_1_344' title='bbox 3313 3647 3484 3691; x_wconf 89' lang='lat' dir='ltr'>cena</span> <span class='ocrx_word' id='word_1_345' title='bbox 3545 3621 3673 3709; x_wconf 83' lang='lat' dir='ltr'>ipsi</span> <span class='ocrx_word' id='word_1_346' title='bbox 3738 3625 4204 3708; x_wconf 88' lang='lat' dir='ltr'>metropolito:</span> 
     </span>
     <span class='ocr_line' id='line_1_31' title="bbox 1002 3731 4206 3822; baseline -0.001 -26"><span class='ocrx_word' id='word_1_347' title='bbox 1002 3735 1161 3797; x_wconf 90' lang='lat' dir='ltr'>item</span> <span class='ocrx_word' id='word_1_348' title='bbox 1210 3754 1333 3816; x_wconf 91' lang='lat' dir='ltr'>pro</span> <span class='ocrx_word' id='word_1_349' title='bbox 1380 3733 1672 3822; x_wconf 86' lang='lat' dir='ltr'>piscibus</span> <span class='ocrx_word' id='word_1_350' title='bbox 1718 3733 2101 3796; x_wconf 87' lang='lat' dir='ltr'>recentibus</span> <span class='ocrx_word' id='word_1_351' title='bbox 2146 3743 2283 3796; x_wconf 86' lang='lat' dir='ltr'>tres</span> <span class='ocrx_word' id='word_1_352' title='bbox 2330 3754 2420 3796; x_wconf 85' lang='lat' dir='ltr'>se.</span> <span class='ocrx_word' id='word_1_353' title='bbox 2468 3734 2630 3797; x_wconf 90' lang='lat' dir='ltr'>item</span> <span class='ocrx_word' id='word_1_354' title='bbox 2677 3754 2800 3816; x_wconf 91' lang='lat' dir='ltr'>pro</span> <span class='ocrx_word' id='word_1_355' title='bbox 2847 3735 3014 3808; x_wconf 77' lang='lat' dir='ltr'>ouiS,</span> <span class='ocrx_word' id='word_1_356' title='bbox 3061 3734 3282 3797; x_wconf 89' lang='lat' dir='ltr'>butiro</span> <span class='ocrx_word' id='word_1_357' title='bbox 3320 3734 3389 3797; x_wconf 94' lang='lat' dir='ltr'>II</span> <span class='ocrx_word' id='word_1_358' title='bbox 3425 3755 3514 3797; x_wconf 92' lang='grc'>50.</span> <span class='ocrx_word' id='word_1_359' title='bbox 3559 3734 3720 3797; x_wconf 91' lang='lat' dir='ltr'>item</span> <span class='ocrx_word' id='word_1_360' title='bbox 3769 3754 3892 3815; x_wconf 88' lang='lat' dir='ltr'>pro</span> <span class='ocrx_word' id='word_1_361' title='bbox 3931 3731 4206 3796; x_wconf 88' lang='lat' dir='ltr'>simellis</span> 
     </span>
     <span class='ocr_line' id='line_1_32' title="bbox 1004 3839 3118 3926; baseline 0 -22"><span class='ocrx_word' id='word_1_362' title='bbox 1004 3842 1039 3904; x_wconf 92' lang='lat' dir='ltr'>-I</span> <span class='ocrx_word' id='word_1_363' title='bbox 1086 3862 1187 3926; x_wconf 84' lang='lat' dir='ltr'>gr.</span> <span class='ocrx_word' id='word_1_364' title='bbox 1232 3841 1392 3904; x_wconf 90' lang='lat' dir='ltr'>item</span> <span class='ocrx_word' id='word_1_365' title='bbox 1440 3862 1564 3923; x_wconf 90' lang='lat' dir='ltr'>pro</span> <span class='ocrx_word' id='word_1_366' title='bbox 1610 3842 1873 3904; x_wconf 87' lang='lat' dir='ltr'>duobus</span> <span class='ocrx_word' id='word_1_367' title='bbox 1920 3841 2222 3904; x_wconf 87' lang='lat' dir='ltr'>curribus</span> <span class='ocrx_word' id='word_1_368' title='bbox 2266 3839 2403 3904; x_wconf 89' lang='lat' dir='ltr'>feni</span> <span class='ocrx_word' id='word_1_369' title='bbox 2447 3841 2558 3904; x_wconf 88' lang='lat' dir='ltr'>IX</span> <span class='ocrx_word' id='word_1_370' title='bbox 2605 3862 2705 3925; x_wconf 84' lang='lat' dir='ltr'>gr.</span> <span class='ocrx_word' id='word_1_371' title='bbox 3113 3853 3118 3856; x_wconf 83' lang='lat'>&#39;</span> 
     </span>
    </p>

    <p class='ocr_par' dir='ltr' id='par_1_10' title="bbox 1219 3946 3421 4031">
     <span class='ocr_line' id='line_1_33' title="bbox 1219 3946 3421 4031; baseline 0.001 -20"><span class='ocrx_word' id='word_1_372' title='bbox 1219 3946 1503 4012; x_wconf 91' lang='lat' dir='ltr'>Summa</span> <span class='ocrx_word' id='word_1_373' title='bbox 1549 3949 1635 4011; x_wconf 90' lang='lat' dir='ltr'>ab</span> <span class='ocrx_word' id='word_1_374' title='bbox 1683 3948 1813 4011; x_wconf 89' lang='lat' dir='ltr'>alia</span> <span class='ocrx_word' id='word_1_375' title='bbox 1857 3968 2123 4010; x_wconf 89' lang='lat' dir='ltr'>summa</span> <span class='ocrx_word' id='word_1_376' title='bbox 2168 3947 2328 4010; x_wconf 88' lang='lat' dir='ltr'>facit</span> <span class='ocrx_word' id='word_1_377' title='bbox 2375 3948 2674 4031; x_wconf 89' lang='lat' dir='ltr'>quinque</span> <span class='ocrx_word' id='word_1_378' title='bbox 2720 3968 2982 4012; x_wconf 88' lang='lat' dir='ltr'>marcas</span> <span class='ocrx_word' id='word_1_379' title='bbox 3028 3947 3210 4012; x_wconf 88' lang='lat' dir='ltr'>XIII</span> <span class='ocrx_word' id='word_1_380' title='bbox 3257 3958 3421 4013; x_wconf 85' lang='lat' dir='ltr'>scot.</span> 
     </span>
    </p>

    <p class='ocr_par' dir='ltr' id='par_1_11' title="bbox 1008 4054 4206 4569">
     <span class='ocr_line' id='line_1_34' title="bbox 1221 4054 4202 4139; baseline 0 -21"><span class='ocrx_word' id='word_1_381' title='bbox 1221 4054 1395 4118; x_wconf 89' lang='lat' dir='ltr'>Item</span> <span class='ocrx_word' id='word_1_382' title='bbox 1426 4055 1627 4138; x_wconf 88' lang='lat' dir='ltr'>(feria)</span> <span class='ocrx_word' id='word_1_383' title='bbox 1658 4056 1863 4118; x_wconf 90' lang='lat' dir='ltr'>tercia</span> <span class='ocrx_word' id='word_1_384' title='bbox 1881 4055 2189 4137; x_wconf 83' lang='lat' dir='ltr'>proxima</span> <span class='ocrx_word' id='word_1_385' title='bbox 2218 4065 2377 4118; x_wconf 90' lang='lat' dir='ltr'>ante</span> <span class='ocrx_word' id='word_1_386' title='bbox 2403 4055 2647 4118; x_wconf 86' lang='lat' dir='ltr'>festum</span> <span class='ocrx_word' id='word_1_387' title='bbox 2669 4057 3157 4120; x_wconf 82' lang='lat' dir='ltr'>penthecostes</span> <span class='ocrx_word' id='word_1_388' title='bbox 3177 4055 3382 4139; x_wconf 79' lang='lat' dir='ltr'>(1os5)</span> <span class='ocrx_word' id='word_1_389' title='bbox 3413 4058 3502 4120; x_wconf 89' lang='lat' dir='ltr'>ad</span> <span class='ocrx_word' id='word_1_390' title='bbox 3529 4057 3884 4139; x_wconf 88' lang='lat' dir='ltr'>prandium</span> <span class='ocrx_word' id='word_1_391' title='bbox 3913 4077 4035 4138; x_wconf 91' lang='lat' dir='ltr'>pro</span> <span class='ocrx_word' id='word_1_392' title='bbox 4071 4056 4202 4138; x_wconf 87' lang='lat' dir='ltr'>pis-</span> 
     </span>
     <span class='ocr_line' id='line_1_35' title="bbox 1008 4160 4204 4248; baseline 0.001 -24"><span class='ocrx_word' id='word_1_393' title='bbox 1008 4160 1197 4226; x_wconf 88' lang='lat' dir='ltr'>cibus</span> <span class='ocrx_word' id='word_1_394' title='bbox 1241 4164 1625 4227; x_wconf 88' lang='lat' dir='ltr'>recentibus</span> <span class='ocrx_word' id='word_1_395' title='bbox 1670 4175 1806 4226; x_wconf 89' lang='lat' dir='ltr'>tres</span> <span class='ocrx_word' id='word_1_396' title='bbox 1852 4181 1940 4225; x_wconf 89' lang='grc'>50.</span> <span class='ocrx_word' id='word_1_397' title='bbox 2005 4162 2167 4226; x_wconf 90' lang='lat' dir='ltr'>item</span> <span class='ocrx_word' id='word_1_398' title='bbox 2214 4182 2340 4245; x_wconf 91' lang='lat' dir='ltr'>pro</span> <span class='ocrx_word' id='word_1_399' title='bbox 2407 4164 2570 4236; x_wconf 81' lang='lat' dir='ltr'>ouiS,</span> <span class='ocrx_word' id='word_1_400' title='bbox 2643 4163 2879 4237; x_wconf 88' lang='lat' dir='ltr'>butir0,</span> <span class='ocrx_word' id='word_1_401' title='bbox 2946 4163 3174 4238; x_wconf 81' lang='lat' dir='ltr'>caseiS,</span> <span class='ocrx_word' id='word_1_402' title='bbox 3241 4164 3417 4227; x_wconf 85' lang='lat' dir='ltr'>lacte</span> <span class='ocrx_word' id='word_1_403' title='bbox 3465 4162 3532 4225; x_wconf 91' lang='lat' dir='ltr'>V</span> <span class='ocrx_word' id='word_1_404' title='bbox 3578 4185 3678 4248; x_wconf 88' lang='lat' dir='ltr'>gr.</span> <span class='ocrx_word' id='word_1_405' title='bbox 3743 4165 3904 4227; x_wconf 90' lang='lat' dir='ltr'>item</span> <span class='ocrx_word' id='word_1_406' title='bbox 3949 4183 4075 4246; x_wconf 90' lang='lat' dir='ltr'>pro</span> <span class='ocrx_word' id='word_1_407' title='bbox 4120 4163 4204 4226; x_wconf 88' lang='lat' dir='ltr'>si-</span> 
     </span>
     <span class='ocr_line' id='line_1_36' title="bbox 1010 4269 4206 4354; baseline -0 -21"><span class='ocrx_word' id='word_1_408' title='bbox 1010 4270 1227 4333; x_wconf 87' lang='lat' dir='ltr'>mellis</span> <span class='ocrx_word' id='word_1_409' title='bbox 1272 4269 1305 4332; x_wconf 90' lang='grc' dir='ltr'>Ι</span> <span class='ocrx_word' id='word_1_410' title='bbox 1354 4291 1455 4354; x_wconf 85' lang='lat' dir='ltr'>gr.</span> <span class='ocrx_word' id='word_1_411' title='bbox 1500 4270 1661 4333; x_wconf 90' lang='lat' dir='ltr'>item</span> <span class='ocrx_word' id='word_1_412' title='bbox 1708 4269 1956 4333; x_wconf 89' lang='lat' dir='ltr'>familie</span> <span class='ocrx_word' id='word_1_413' title='bbox 2004 4291 2125 4351; x_wconf 88' lang='lat' dir='ltr'>pro</span> <span class='ocrx_word' id='word_1_414' title='bbox 2164 4270 2476 4334; x_wconf 87' lang='lat' dir='ltr'>carnibus</span> <span class='ocrx_word' id='word_1_415' title='bbox 2522 4269 2788 4334; x_wconf 87' lang='lat' dir='ltr'>bouinis</span> <span class='ocrx_word' id='word_1_416' title='bbox 2835 4280 3128 4352; x_wconf 87' lang='lat' dir='ltr'>quatuor</span> <span class='ocrx_word' id='word_1_417' title='bbox 3163 4291 3259 4334; x_wconf 90' lang='lat' dir='ltr'>sc.</span> <span class='ocrx_word' id='word_1_418' title='bbox 3304 4271 3466 4334; x_wconf 89' lang='lat' dir='ltr'>item</span> <span class='ocrx_word' id='word_1_419' title='bbox 3513 4292 3637 4353; x_wconf 92' lang='lat' dir='ltr'>pro</span> <span class='ocrx_word' id='word_1_420' title='bbox 3673 4272 3866 4334; x_wconf 89' lang='lat' dir='ltr'>lardo</span> <span class='ocrx_word' id='word_1_421' title='bbox 3902 4281 3972 4335; x_wconf 91' lang='lat' dir='ltr'>et</span> <span class='ocrx_word' id='word_1_422' title='bbox 4009 4271 4206 4353; x_wconf 88' lang='lat' dir='ltr'>pullis</span> 
     </span>
     <span class='ocr_line' id='line_1_37' title="bbox 1008 4377 4206 4461; baseline -0 -21"><span class='ocrx_word' id='word_1_423' title='bbox 1008 4378 1079 4440; x_wconf 95' lang='lat' dir='ltr'>II</span> <span class='ocrx_word' id='word_1_424' title='bbox 1126 4398 1214 4441; x_wconf 91' lang='lat' dir='ltr'>sc.</span> <span class='ocrx_word' id='word_1_425' title='bbox 1259 4377 1422 4440; x_wconf 89' lang='lat' dir='ltr'>item</span> <span class='ocrx_word' id='word_1_426' title='bbox 1469 4399 1590 4460; x_wconf 92' lang='lat' dir='ltr'>pro</span> <span class='ocrx_word' id='word_1_427' title='bbox 1638 4378 1903 4440; x_wconf 91' lang='lat' dir='ltr'>duobus</span> <span class='ocrx_word' id='word_1_428' title='bbox 1950 4377 2253 4440; x_wconf 89' lang='lat' dir='ltr'>curribus</span> <span class='ocrx_word' id='word_1_429' title='bbox 2298 4377 2436 4440; x_wconf 85' lang='lat' dir='ltr'>feni</span> <span class='ocrx_word' id='word_1_430' title='bbox 2479 4377 2590 4442; x_wconf 90' lang='lat' dir='ltr'>IX</span> <span class='ocrx_word' id='word_1_431' title='bbox 2639 4398 2738 4461; x_wconf 88' lang='lat' dir='ltr'>gr.</span> <span class='ocrx_word' id='word_1_432' title='bbox 2804 4379 2964 4440; x_wconf 87' lang='lat' dir='ltr'>item</span> <span class='ocrx_word' id='word_1_433' title='bbox 3013 4399 3135 4459; x_wconf 91' lang='lat' dir='ltr'>pro</span> <span class='ocrx_word' id='word_1_434' title='bbox 3181 4378 3394 4441; x_wconf 90' lang='lat' dir='ltr'>tribus</span> <span class='ocrx_word' id='word_1_435' title='bbox 3443 4380 3774 4441; x_wconf 87' lang='lat' dir='ltr'>mensuris</span> <span class='ocrx_word' id='word_1_436' title='bbox 3817 4396 4032 4442; x_wconf 87' lang='lat' dir='ltr'>auene</span> <span class='ocrx_word' id='word_1_437' title='bbox 4077 4387 4206 4440; x_wconf 91' lang='lat' dir='ltr'>tre-</span> 
     </span>
     <span class='ocr_line' id='line_1_38' title="bbox 1012 4485 3036 4569; baseline 0 -21"><span class='ocrx_word' id='word_1_438' title='bbox 1012 4485 1228 4548; x_wconf 91' lang='lat' dir='ltr'>decim</span> <span class='ocrx_word' id='word_1_439' title='bbox 1277 4505 1370 4549; x_wconf 87' lang='lat' dir='ltr'>sc.</span> <span class='ocrx_word' id='word_1_440' title='bbox 1415 4485 1448 4547; x_wconf 96' lang='grc' dir='ltr'>Ι</span> <span class='ocrx_word' id='word_1_441' title='bbox 1487 4505 1586 4569; x_wconf 86' lang='lat' dir='ltr'>gr.</span> <span class='ocrx_word' id='word_1_442' title='bbox 1634 4485 1792 4547; x_wconf 91' lang='lat' dir='ltr'>item</span> <span class='ocrx_word' id='word_1_443' title='bbox 1841 4505 1963 4547; x_wconf 87' lang='lat' dir='ltr'>vas</span> <span class='ocrx_word' id='word_1_444' title='bbox 2009 4485 2291 4547; x_wconf 89' lang='lat' dir='ltr'>ceruisie</span> <span class='ocrx_word' id='word_1_445' title='bbox 2337 4485 2606 4566; x_wconf 88' lang='lat' dir='ltr'>proprie</span> <span class='ocrx_word' id='word_1_446' title='bbox 2652 4486 3036 4548; x_wconf 83' lang='lat' dir='ltr'>braxature.</span> 
     </span>
    </p>

    <p class='ocr_par' dir='ltr' id='par_1_12' title="bbox 1010 4591 4206 4995">
     <span class='ocr_line' id='line_1_39' title="bbox 1226 4591 4206 4680; baseline 0 -26"><span class='ocrx_word' id='word_1_447' title='bbox 1226 4592 1399 4655; x_wconf 89' lang='lat' dir='ltr'>Item</span> <span class='ocrx_word' id='word_1_448' title='bbox 1446 4591 1610 4655; x_wconf 89' lang='lat' dir='ltr'>feria</span> <span class='ocrx_word' id='word_1_449' title='bbox 1656 4601 1898 4674; x_wconf 82' lang='lat' dir='ltr'>quarta</span> <span class='ocrx_word' id='word_1_450' title='bbox 1942 4591 2249 4674; x_wconf 88' lang='lat' dir='ltr'>sequenti</span> <span class='ocrx_word' id='word_1_451' title='bbox 2298 4591 2500 4676; x_wconf 82' lang='grc'>(1115)</span> <span class='ocrx_word' id='word_1_452' title='bbox 2566 4612 2691 4674; x_wconf 91' lang='lat' dir='ltr'>pro</span> <span class='ocrx_word' id='word_1_453' title='bbox 2737 4591 3031 4680; x_wconf 82' lang='lat' dir='ltr'>piscibus</span> <span class='ocrx_word' id='word_1_454' title='bbox 3077 4592 3460 4655; x_wconf 90' lang='lat' dir='ltr'>recentibus</span> <span class='ocrx_word' id='word_1_455' title='bbox 3506 4602 3644 4656; x_wconf 89' lang='lat' dir='ltr'>tam</span> <span class='ocrx_word' id='word_1_456' title='bbox 3690 4592 3815 4655; x_wconf 88' lang='lat' dir='ltr'>sibi</span> <span class='ocrx_word' id='word_1_457' title='bbox 3863 4612 4068 4674; x_wconf 89' lang='lat' dir='ltr'>quam</span> <span class='ocrx_word' id='word_1_458' title='bbox 4113 4591 4206 4654; x_wconf 87' lang='lat' dir='ltr'>fa-</span> 
     </span>
     <span class='ocr_line' id='line_1_40' title="bbox 1013 4699 4204 4782; baseline 0 -21"><span class='ocrx_word' id='word_1_459' title='bbox 1013 4699 1195 4764; x_wconf 91' lang='lat' dir='ltr'>milie</span> <span class='ocrx_word' id='word_1_460' title='bbox 1240 4699 1539 4781; x_wconf 89' lang='lat' dir='ltr'>quinque</span> <span class='ocrx_word' id='word_1_461' title='bbox 1586 4719 1675 4762; x_wconf 90' lang='lat' dir='ltr'>sc.</span> <span class='ocrx_word' id='word_1_462' title='bbox 1721 4699 1883 4761; x_wconf 87' lang='lat' dir='ltr'>item</span> <span class='ocrx_word' id='word_1_463' title='bbox 1931 4719 2055 4782; x_wconf 88' lang='lat' dir='ltr'>pro</span> <span class='ocrx_word' id='word_1_464' title='bbox 2102 4699 2247 4761; x_wconf 88' lang='lat' dir='ltr'>ouis</span> <span class='ocrx_word' id='word_1_465' title='bbox 2293 4708 2583 4781; x_wconf 90' lang='lat' dir='ltr'>quatuor</span> <span class='ocrx_word' id='word_1_466' title='bbox 2629 4719 2730 4782; x_wconf 86' lang='lat' dir='ltr'>gr.</span> <span class='ocrx_word' id='word_1_467' title='bbox 2777 4699 2936 4761; x_wconf 88' lang='lat' dir='ltr'>item</span> <span class='ocrx_word' id='word_1_468' title='bbox 2983 4719 3106 4781; x_wconf 88' lang='lat' dir='ltr'>pro</span> <span class='ocrx_word' id='word_1_469' title='bbox 3154 4699 3390 4773; x_wconf 89' lang='lat' dir='ltr'>butir0,</span> <span class='ocrx_word' id='word_1_470' title='bbox 3439 4699 3666 4773; x_wconf 86' lang='lat' dir='ltr'>caseis,</span> <span class='ocrx_word' id='word_1_471' title='bbox 3712 4700 3886 4763; x_wconf 89' lang='lat' dir='ltr'>lacte</span> <span class='ocrx_word' id='word_1_472' title='bbox 3929 4701 3998 4762; x_wconf 90' lang='lat' dir='ltr'>H</span> <span class='ocrx_word' id='word_1_473' title='bbox 4044 4710 4204 4764; x_wconf 87' lang='lat' dir='ltr'>scot.</span> 
     </span>
     <span class='ocr_line' id='line_1_41' title="bbox 1012 4804 4204 4889; baseline 0 -21"><span class='ocrx_word' id='word_1_474' title='bbox 1012 4807 1173 4868; x_wconf 90' lang='lat' dir='ltr'>item</span> <span class='ocrx_word' id='word_1_475' title='bbox 1222 4826 1346 4888; x_wconf 90' lang='lat' dir='ltr'>pro</span> <span class='ocrx_word' id='word_1_476' title='bbox 1393 4805 1666 4868; x_wconf 89' lang='lat' dir='ltr'>simellis</span> <span class='ocrx_word' id='word_1_477' title='bbox 1712 4805 1745 4867; x_wconf 97' lang='lat' dir='ltr'>I</span> <span class='ocrx_word' id='word_1_478' title='bbox 1794 4825 1894 4888; x_wconf 85' lang='lat' dir='ltr'>gr.</span> <span class='ocrx_word' id='word_1_479' title='bbox 1940 4805 2099 4867; x_wconf 90' lang='lat' dir='ltr'>item</span> <span class='ocrx_word' id='word_1_480' title='bbox 2148 4825 2270 4887; x_wconf 89' lang='lat' dir='ltr'>pro</span> <span class='ocrx_word' id='word_1_481' title='bbox 2319 4806 2584 4868; x_wconf 89' lang='lat' dir='ltr'>duobus</span> <span class='ocrx_word' id='word_1_482' title='bbox 2631 4805 2935 4868; x_wconf 89' lang='lat' dir='ltr'>curribus</span> <span class='ocrx_word' id='word_1_483' title='bbox 2979 4804 3115 4868; x_wconf 89' lang='lat' dir='ltr'>feni</span> <span class='ocrx_word' id='word_1_484' title='bbox 3152 4807 3449 4889; x_wconf 90' lang='lat' dir='ltr'>quinque</span> <span class='ocrx_word' id='word_1_485' title='bbox 3486 4826 3577 4870; x_wconf 89' lang='lat' dir='ltr'>sc.</span> <span class='ocrx_word' id='word_1_486' title='bbox 3621 4806 3784 4869; x_wconf 90' lang='lat' dir='ltr'>item</span> <span class='ocrx_word' id='word_1_487' title='bbox 3829 4827 3954 4888; x_wconf 86' lang='lat' dir='ltr'>pro</span> <span class='ocrx_word' id='word_1_488' title='bbox 3998 4808 4204 4870; x_wconf 86' lang='lat' dir='ltr'>tribus</span> 
     </span>
     <span class='ocr_line' id='line_1_42' title="bbox 1010 4912 2352 4995; baseline -0.002 -19"><span class='ocrx_word' id='word_1_489' title='bbox 1010 4913 1346 4976; x_wconf 87' lang='lat' dir='ltr'>mensuris</span> <span class='ocrx_word' id='word_1_490' title='bbox 1395 4933 1612 4976; x_wconf 90' lang='lat' dir='ltr'>auene</span> <span class='ocrx_word' id='word_1_491' title='bbox 1658 4912 1983 4974; x_wconf 89' lang='lat' dir='ltr'>tredecim</span> <span class='ocrx_word' id='word_1_492' title='bbox 2030 4933 2123 4975; x_wconf 90' lang='grc'>50.</span> <span class='ocrx_word' id='word_1_493' title='bbox 2170 4913 2203 4976; x_wconf 91' lang='lat' dir='ltr'>I</span> <span class='ocrx_word' id='word_1_494' title='bbox 2251 4933 2352 4995; x_wconf 86' lang='lat' dir='ltr'>gr.</span> 
     </span>
    </p>

    <p class='ocr_par' dir='ltr' id='par_1_13' title="bbox 1014 5018 4208 5426">
     <span class='ocr_line' id='line_1_43' title="bbox 1230 5018 4204 5102; baseline -0 -20"><span class='ocrx_word' id='word_1_495' title='bbox 1230 5020 1399 5083; x_wconf 91' lang='lat' dir='ltr'>Item</span> <span class='ocrx_word' id='word_1_496' title='bbox 1447 5018 1613 5083; x_wconf 87' lang='lat' dir='ltr'>feria</span> <span class='ocrx_word' id='word_1_497' title='bbox 1658 5020 1891 5102; x_wconf 90' lang='lat' dir='ltr'>quinta</span> <span class='ocrx_word' id='word_1_498' title='bbox 1936 5019 2243 5100; x_wconf 89' lang='lat' dir='ltr'>sequenti</span> <span class='ocrx_word' id='word_1_499' title='bbox 2290 5023 2343 5100; x_wconf 85' lang='grc' dir='ltr'>(ι</span> <span class='ocrx_word' id='word_1_500' title='bbox 2363 5019 2493 5102; x_wconf 77' lang='grc'>215)</span> <span class='ocrx_word' id='word_1_501' title='bbox 2544 5020 2632 5083; x_wconf 92' lang='lat' dir='ltr'>ad</span> <span class='ocrx_word' id='word_1_502' title='bbox 2679 5019 3029 5101; x_wconf 89' lang='lat' dir='ltr'>prandium</span> <span class='ocrx_word' id='word_1_503' title='bbox 3079 5019 3204 5101; x_wconf 90' lang='lat' dir='ltr'>ipsi</span> <span class='ocrx_word' id='word_1_504' title='bbox 3251 5021 3702 5102; x_wconf 89' lang='lat' dir='ltr'>metropolito:</span> <span class='ocrx_word' id='word_1_505' title='bbox 3749 5041 3872 5102; x_wconf 88' lang='lat' dir='ltr'>pro</span> <span class='ocrx_word' id='word_1_506' title='bbox 3917 5020 4204 5102; x_wconf 88' lang='lat' dir='ltr'>piscibus</span> 
     </span>
     <span class='ocr_line' id='line_1_44' title="bbox 1014 5126 4206 5209; baseline -0 -19"><span class='ocrx_word' id='word_1_507' title='bbox 1014 5129 1396 5191; x_wconf 87' lang='lat' dir='ltr'>recentibus</span> <span class='ocrx_word' id='word_1_508' title='bbox 1441 5137 1579 5190; x_wconf 91' lang='lat' dir='ltr'>tres</span> <span class='ocrx_word' id='word_1_509' title='bbox 1622 5146 1714 5190; x_wconf 90' lang='lat' dir='ltr'>se.</span> <span class='ocrx_word' id='word_1_510' title='bbox 1761 5126 1921 5189; x_wconf 88' lang='lat' dir='ltr'>item</span> <span class='ocrx_word' id='word_1_511' title='bbox 1967 5147 2091 5209; x_wconf 90' lang='lat' dir='ltr'>pro</span> <span class='ocrx_word' id='word_1_512' title='bbox 2140 5127 2306 5200; x_wconf 82' lang='lat' dir='ltr'>ouiS,</span> <span class='ocrx_word' id='word_1_513' title='bbox 2370 5126 2608 5200; x_wconf 89' lang='lat' dir='ltr'>butir0,</span> <span class='ocrx_word' id='word_1_514' title='bbox 2655 5127 2870 5189; x_wconf 89' lang='lat' dir='ltr'>caseis</span> <span class='ocrx_word' id='word_1_515' title='bbox 2918 5127 2986 5189; x_wconf 96' lang='lat' dir='ltr'>II</span> <span class='ocrx_word' id='word_1_516' title='bbox 3032 5147 3122 5191; x_wconf 88' lang='lat' dir='ltr'>sc.</span> <span class='ocrx_word' id='word_1_517' title='bbox 3189 5127 3346 5190; x_wconf 90' lang='lat' dir='ltr'>item</span> <span class='ocrx_word' id='word_1_518' title='bbox 3417 5147 3537 5209; x_wconf 88' lang='lat' dir='ltr'>pro</span> <span class='ocrx_word' id='word_1_519' title='bbox 3601 5128 3876 5190; x_wconf 87' lang='lat' dir='ltr'>simellis</span> <span class='ocrx_word' id='word_1_520' title='bbox 3921 5136 3992 5189; x_wconf 91' lang='lat' dir='ltr'>et</span> <span class='ocrx_word' id='word_1_521' title='bbox 4037 5130 4206 5191; x_wconf 90' lang='lat' dir='ltr'>lacte</span> 
     </span>
     <span class='ocr_line' id='line_1_45' title="bbox 1015 5233 4208 5316; baseline -0.001 -18"><span class='ocrx_word' id='word_1_522' title='bbox 1015 5237 1048 5298; x_wconf 96' lang='lat' dir='ltr'>I</span> <span class='ocrx_word' id='word_1_523' title='bbox 1096 5257 1187 5298; x_wconf 89' lang='lat' dir='ltr'>sc.</span> <span class='ocrx_word' id='word_1_524' title='bbox 1234 5237 1393 5298; x_wconf 90' lang='lat' dir='ltr'>item</span> <span class='ocrx_word' id='word_1_525' title='bbox 1459 5234 1705 5298; x_wconf 90' lang='lat' dir='ltr'>familie</span> <span class='ocrx_word' id='word_1_526' title='bbox 1754 5253 1877 5316; x_wconf 87' lang='lat' dir='ltr'>pro</span> <span class='ocrx_word' id='word_1_527' title='bbox 1924 5235 2235 5296; x_wconf 85' lang='lat' dir='ltr'>carnibus</span> <span class='ocrx_word' id='word_1_528' title='bbox 2278 5233 2542 5296; x_wconf 88' lang='lat' dir='ltr'>bouinis</span> <span class='ocrx_word' id='word_1_529' title='bbox 2589 5233 2886 5316; x_wconf 90' lang='lat' dir='ltr'>quinque</span> <span class='ocrx_word' id='word_1_530' title='bbox 2932 5253 3021 5296; x_wconf 90' lang='lat' dir='ltr'>se.</span> <span class='ocrx_word' id='word_1_531' title='bbox 3087 5234 3246 5296; x_wconf 89' lang='lat' dir='ltr'>item</span> <span class='ocrx_word' id='word_1_532' title='bbox 3313 5255 3436 5316; x_wconf 90' lang='lat' dir='ltr'>pro</span> <span class='ocrx_word' id='word_1_533' title='bbox 3483 5234 3682 5315; x_wconf 89' lang='lat' dir='ltr'>pullis</span> <span class='ocrx_word' id='word_1_534' title='bbox 3727 5244 3794 5296; x_wconf 92' lang='lat' dir='ltr'>et</span> <span class='ocrx_word' id='word_1_535' title='bbox 3839 5235 4031 5297; x_wconf 86' lang='lat' dir='ltr'>lardo</span> <span class='ocrx_word' id='word_1_536' title='bbox 4077 5245 4208 5297; x_wconf 86' lang='lat' dir='ltr'>tres</span> 
     </span>
     <span class='ocr_line' id='line_1_46' title="bbox 1016 5340 4207 5426; baseline -0.002 -18"><span class='ocrx_word' id='word_1_537' title='bbox 1016 5367 1107 5411; x_wconf 90' lang='grc'>50.</span> <span class='ocrx_word' id='word_1_538' title='bbox 1153 5345 1315 5408; x_wconf 91' lang='lat' dir='ltr'>item</span> <span class='ocrx_word' id='word_1_539' title='bbox 1362 5364 1485 5426; x_wconf 90' lang='lat' dir='ltr'>pro</span> <span class='ocrx_word' id='word_1_540' title='bbox 1532 5345 1799 5407; x_wconf 90' lang='lat' dir='ltr'>duobus</span> <span class='ocrx_word' id='word_1_541' title='bbox 1864 5341 2169 5406; x_wconf 86' lang='lat' dir='ltr'>curribus</span> <span class='ocrx_word' id='word_1_542' title='bbox 2233 5340 2370 5403; x_wconf 89' lang='lat' dir='ltr'>feni</span> <span class='ocrx_word' id='word_1_543' title='bbox 2434 5341 2731 5423; x_wconf 87' lang='lat' dir='ltr'>quinque</span> <span class='ocrx_word' id='word_1_544' title='bbox 2777 5361 2866 5404; x_wconf 89' lang='lat' dir='ltr'>se.</span> <span class='ocrx_word' id='word_1_545' title='bbox 2930 5342 3092 5404; x_wconf 89' lang='lat' dir='ltr'>item</span> <span class='ocrx_word' id='word_1_546' title='bbox 3157 5362 3280 5422; x_wconf 91' lang='lat' dir='ltr'>pro</span> <span class='ocrx_word' id='word_1_547' title='bbox 3343 5342 3557 5404; x_wconf 89' lang='lat' dir='ltr'>tribus</span> <span class='ocrx_word' id='word_1_548' title='bbox 3620 5341 3952 5405; x_wconf 86' lang='lat' dir='ltr'>mensuris</span> <span class='ocrx_word' id='word_1_549' title='bbox 3997 5359 4207 5404; x_wconf 88' lang='lat' dir='ltr'>auene</span> 
     </span>
    </p>
   </div>
   <div class='ocr_carea' id='block_1_3' title="bbox 1015 5451 4207 5640">
    <p class='ocr_par' dir='ltr' id='par_1_14' title="bbox 1015 5451 4207 5640">
     <span class='ocr_line' id='line_1_47' title="bbox 1015 5451 3782 5516; baseline -0.004 0"><span class='ocrx_word' id='word_1_550' title='bbox 1015 5453 1337 5516; x_wconf 90' lang='lat' dir='ltr'>tredecim</span> <span class='ocrx_word' id='word_1_551' title='bbox 1384 5472 1475 5514; x_wconf 90' lang='lat' dir='ltr'>sc.</span> <span class='ocrx_word' id='word_1_552' title='bbox 1521 5451 1554 5513; x_wconf 97' lang='lat' dir='ltr'>I</span> <span class='ocrx_word' id='word_1_553' title='bbox 1693 5491 1713 5513; x_wconf 34' lang='grc'>.’</span> <span class='ocrx_word' id='word_1_554' title='bbox 3770 5504 3782 5512; x_wconf 80' lang='grc'>,</span> 
     </span>
     <span class='ocr_line' id='line_1_48' title="bbox 1232 5471 4207 5640; baseline -0.002 -18"><span class='ocrx_word' id='word_1_555' title='bbox 1232 5561 1403 5622; x_wconf 89' lang='lat' dir='ltr'>Item</span> <span class='ocrx_word' id='word_1_556' title='bbox 1450 5471 1855 5621; x_wconf 48' lang='lat' dir='ltr'>feriaggexta</span> <span class='ocrx_word' id='word_1_557' title='bbox 1900 5557 2207 5639; x_wconf 89' lang='lat' dir='ltr'>sequenti</span> <span class='ocrx_word' id='word_1_558' title='bbox 2253 5555 2567 5636; x_wconf 86' lang='lat' dir='ltr'>proxima</span> <span class='ocrx_word' id='word_1_559' title='bbox 2613 5567 2770 5618; x_wconf 89' lang='lat' dir='ltr'>ante</span> <span class='ocrx_word' id='word_1_560' title='bbox 2816 5554 3063 5618; x_wconf 88' lang='lat' dir='ltr'>festum</span> <span class='ocrx_word' id='word_1_561' title='bbox 3131 5557 3616 5618; x_wconf 89' lang='lat' dir='ltr'>Penthecostes</span> <span class='ocrx_word' id='word_1_562' title='bbox 3663 5555 3867 5640; x_wconf 79' lang='lat' dir='ltr'>(13s5)</span> <span class='ocrx_word' id='word_1_563' title='bbox 3913 5575 4037 5636; x_wconf 91' lang='lat' dir='ltr'>pro</span> <span class='ocrx_word' id='word_1_564' title='bbox 4084 5554 4207 5637; x_wconf 91' lang='lat' dir='ltr'>pis·</span> 
     </span>
    </p>
   </div>
  </div>
 </body>
</html>
