4592 6559
1011 497 1132 569 156
1789 502 2166 572 REJESTRA
2217 506 2805 557 PonsxARmEGo
2854 508 3184 559 umczxt.
3244 516 3423 579 1393·

1007 702 1166 771 item
1211 706 1378 771 feria
1421 705 1526 771 VI
1571 708 1880 790 proxime
1925 709 2229 792 sequenti
2275 732 2317 772 a
2361 708 2675 791 predictis
2722 710 2851 775 CX
2898 732 3097 775 mare.

1222 814 1508 880 Summa
1553 814 1881 881 VCXLII
1928 836 2129 881 marc.
2177 816 2322 881 XII
2368 837 2459 881 sc.
2506 818 2539 880 I
2586 838 2683 903 gr.

2424 1066 2799 1167 (1393).

1005 1246 1344 1310 Secuntur
1388 1246 1739 1311 distributa
1785 1246 2257 1329 peccuniarum
2306 1246 2757 1329 predictorum
2803 1268 2926 1330 per
2962 1248 3171 1310 dnum
3212 1248 3299 1311 H.
3338 1247 3969 1311 vicethezaurarium
4009 1248 4205 1332 regni

1006 1354 1284 1418 Polonie
1332 1355 1418 1417 ad
1439 1348 1442 1353 ’
1466 1373 1716 1417 annum
1764 1352 2054 1438 primum
2101 1374 2221 1417 sue
2266 1353 2775 1417 intromissionis
2812 1354 2877 1417 in
2918 1354 3638 1429 vicethezaurariatum‚
3676 1355 3987 1419 videlicet
4022 1376 4205 1418 anno

2180 1461 2456 1525 Domini
2502 1460 3033 1527 MCCCXC1110.

1221 1570 1390 1633 Item
1439 1569 1546 1633 die
1593 1569 1927 1633 dominico
1975 1569 2224 1633 Factus
2269 1580 2373 1634 est
2421 1569 2578 1654 (8s6)
2625 1590 2748 1652 pro
2794 1570 3027 1653 papiro
3074 1580 3141 1633 et
3186 1590 3602 1655 pargameno
3648 1571 3890 1655 emptis
3934 1571 4021 1634 ad
4057 1572 4204 1635 the-

1007 1696 1282 1740 zaurum
1329 1676 1502 1741 VIII
1549 1697 1647 1761 gr.

1005 1781 1165 1848 item
1216 1786 1455 1849 eodem
1504 1785 1612 1849 die
1658 1806 1781 1867 pro
1826 1787 2013 1850 rethe
2060 1786 2240 1850 dicto
2287 1782 2658 1870 drgwbt‘cze,
2706 1787 2862 1849 data
2907 1786 3219 1869 piscatori
3268 1785 3487 1869 Regis
3546 1786 3609 1865 ¹s2
3648 1806 3884 1869 sexag.

1004 1891 1166 1955 item
1213 1912 1337 1974 pro
1384 1891 1485 1955 IV
1532 1894 1876 1957 truncellis
1920 1913 2040 1957 seu
2089 1893 2254 1957 seris
2298 1893 2473 1957 datis
2518 1894 2773 1957 famulo
2819 1893 3113 1957 thezauri
3158 1892 3348 1956 vialis
3392 1891 3495 1956 VI
3542 1913 3640 1977 gr.

1006 1999 1164 2062 item
1211 2020 1336 2082 pro
1359 1998 1668 2085 ⁴flagellis
1714 2011 1781 2064 et
1827 2021 2058 2065 eorum
2105 2000 2435 2075 finalibus,
2482 2000 2654 2065 datis
2699 2001 3082 2065 vectoribus
3129 2000 3243 2063 dni
3293 2000 3514 2084 Regis
3568 2000 3633 2063 in
3673 2000 3938 2064 Nouam
3978 2000 4207 2063 ciuita-

1002 2115 1141 2171 tem
1190 2107 1406 2171 missis
1450 2108 1552 2171 ΙΙΙ
1599 2128 1688 2171 sc.

1004 2215 1164 2278 item
1210 2236 1335 2297 pro
1381 2214 1790 2297 stramipileo
1836 2216 2040 2279 misso
2086 2218 2222 2280 dno
2271 2216 2457 2300 Regi
2503 2216 2571 2278 in
2618 2216 2884 2280 Nouam
2932 2216 3267 2280 ciuitatem
3316 2215 3488 2278 VIII
3536 2236 3633 2301 gr.

1006 2324 1164 2385 item
1212 2343 1336 2405 pro
1383 2322 1736 2386 ablucione
1785 2324 2200 2397 mensalium,
2265 2322 2769 2387 lintheaminum
2837 2334 2905 2387 et
2969 2324 3543 2408 manutergiorum
3591 2323 3918 2407 regalium
3965 2324 4068 2387 ΠΙ
4114 2346 4205 2387 se.

1007 2430 1164 2493 item
1211 2429 1377 2495 feria
1421 2430 1525 2493 III
1571 2430 1718 2513 ipso
1763 2430 1871 2493 die
1917 2452 1966 2494 5.
2007 2431 2332 2512 Johannis
2379 2432 2557 2513 bapt.
2606 2429 2807 2514 (24l6)
2870 2452 2993 2514 pro
3038 2429 3294 2494 floreno
3340 2432 3499 2494 dato
3564 2431 3652 2494 ad
3716 2430 4022 2494 offertam
4069 2432 4208 2494 dno

1007 2538 1194 2623 Regi
1239 2536 1306 2600 in
1353 2524 1720 2621 Szydlowziz
1777 2538 1840 2619 ΙΙ,
1899 2558 2098 2602 marc.

1005 2646 1166 2710 item
1214 2644 1580 2709 Lithwanis
1626 2644 1884 2709 nunciis
1929 2648 2015 2709 de
2071 2644 2488 2711 Crzemenecz
2551 2646 2637 2711 ad
2704 2646 3093 2709 mandatum
3162 2646 3279 2709 dni
3344 2646 3565 2731 Regis
3628 2666 3832 2729 super
3895 2646 4209 2728 expensis

1004 2753 1037 2816 I
1083 2752 1226 2817 fert.

1219 2860 1504 2925 Summa
1549 2861 1617 2924 11
1665 2880 1866 2924 marc.
1914 2861 1981 2924 II
2027 2881 2114 2925 se.

1221 2969 1392 3032 Item
1438 2989 1563 3052 pro
1611 2968 1927 3051 expensis
1971 2966 2162 3031 factis
2206 2988 2329 3049 per
2374 2970 2581 3032 dnum
2631 2970 3117 3053 Hynczconem
3156 2969 3789 3033 vicethezaurarium
3837 2970 4211 3051 septimana

1009 3075 1396 3160 precedenti
1444 3074 1766 3140 Cracovie
1813 3074 1846 3137 I
1895 3094 2094 3138 marc.
2143 3074 2393 3138 XVIII
2439 3096 2527 3141 sc·

1009 3184 1168 3247 item
1215 3182 1379 3247 feria
1424 3183 1526 3247 III
1572 3182 1719 3265 ipso
1764 3182 1872 3245 die
1920 3204 1970 3245 S.
2018 3182 2346 3246 Processii
2402 3183 2557 3267 (2s7)
2606 3204 2728 3266 pro
2785 3182 3267 3249 reformacione
3324 3184 3628 3247 sedilium
3686 3184 3800 3247 dni
3858 3182 4077 3268 Regis
4122 3184 4210 3247 de

1007 3290 1287 3375 corrigis
1331 3290 1522 3353 factis
1568 3288 1741 3352 VIII
1787 3310 1879 3354 se.

1007 3398 1170 3462 item
1216 3417 1341 3479 pro
1387 3398 1532 3461 XII
1579 3396 1754 3460 vinis
1799 3397 1929 3460 tele
1977 3398 2145 3472 albe,
2193 3397 2575 3479 recipiendo
2622 3401 2851 3462 vlnam
2898 3418 3019 3480 per
3064 3398 3133 3461 11
3180 3418 3279 3483 gr.
3326 3418 3590 3461 summa
3646 3397 3709 3477 Ὗ,
3770 3418 3971 3462 marc.

1011 3506 1170 3569 item
1217 3525 1340 3587 pro
1386 3503 1490 3568 VI
1536 3504 1721 3567 libris
1765 3503 2112 3579 bombiciS,
2176 3504 2411 3567 libram
2462 3504 2842 3587 recipiendo
2906 3526 3027 3589 per
3071 3505 3138 3568 V
3186 3526 3285 3590 gr.
3332 3526 3596 3568 summa
3640 3504 3797 3568 facit
3856 3504 3916 3585 Ἰ,
3975 3526 4213 3590 sexag.

1013 3614 1171 3677 item
1220 3632 1344 3695 pro
1391 3612 1559 3676 libra
1603 3610 1868 3676 filorum
1917 3613 2364 3676 coleratorum
2412 3612 2741 3676 dictorum
2790 3611 3047 3677 moders
3094 3614 3201 3676 XI
3249 3634 3348 3697 gr.

1013 3722 1172 3785 item
1219 3732 1344 3802 pro
1389 3719 1604 3784 serico
1651 3720 1807 3782 albo
1864 3730 1931 3783 et
1974 3717 2195 3784 flaueo
2241 3721 2543 3785 colorum
2612 3720 2697 3784 ad
2760 3720 3265 3803 requisicionem
3318 3720 3597 3785 Henrici
3660 3721 3933 3784 sartoris
3990 3721 4215 3805 Regis

1014 3830 1123 3892 IX
1169 3850 1260 3894 se.

1013 3937 1174 4001 item
1219 3957 1342 4019 pro
1387 3934 1677 4020 falangis
1723 3935 1810 3999 ad
1856 3934 2371 3999 distendendum
2418 3936 2777 4000 tentorium
2824 3936 2938 4000 dni
2985 3936 3205 4020 Regis
3250 3936 3317 3998 II
3364 3956 3453 3999 se.

1016 4046 1174 4108 item
1224 4044 1390 4127 (pro)
1435 4042 1642 4106 futtro
1691 4043 1818 4124 (ad)
1866 4062 2241 4125 cupconem
2289 4044 2683 4107 deauratum
2732 4044 2847 4107 dni
2894 4043 3115 4127 Regis
3158 4043 3296 4105 VII
3342 4064 3430 4106 sc,

1017 4152 1178 4216 item
1223 4171 1350 4235 pro
1395 4135 1497 4214 IV
1543 4149 1764 4214 futtris
1809 4150 1897 4214 ad
1943 4162 2173 4214 cantra
2219 4150 2493 4233 regalia,
2540 4151 2921 4233 recipiendo
2968 4151 3315 4234 quodlibet
3360 4170 3480 4233 per
3526 4151 3599 4213 X
3646 4162 3807 4214 scot.
3872 4170 4137 4214 summa
4180 4151 4217 4214 1

1017 4278 1218 4323 marc.
1263 4256 1444 4321 XVI
1489 4278 1579 4321 se.

1232 4364 1516 4430 Summa
1564 4364 1629 4426 V
1676 4385 1876 4429 marc.
1925 4365 2077 4428 XX
2121 4384 2210 4430 sc,
2257 4364 2291 4427 I
2339 4386 2438 4449 gr.

1235 4460 1424 4537 Item
1454 4493 1576 4556 pro
1624 4473 1960 4556 appendio
2003 4472 2182 4539 dicto
2220 4469 2493 4557 gehynk
2538 4474 2625 4536 ad
2671 4474 3033 4556 caleptram
3082 4474 3217 4536 dno
3283 4472 3488 4556 Regi,
3554 4473 3757 4535 misso
3820 4472 3885 4535 in
3952 4474 4219 4536 Nouam

1019 4581 1355 4645 ciuitatem
1405 4581 1437 4642 I
1485 4600 1687 4644 marc.

1022 4690 1182 4754 item
1230 4687 1397 4751 feria
1442 4687 1509 4750 V
1556 4688 1623 4751 in
1672 4687 1902 4772 vigilia
1946 4708 1994 4751 S.
2043 4688 2353 4770 Procopii
2400 4688 2557 4772 (3s7)
2605 4708 2727 4770 pro
2776 4688 2956 4751 oliua
3020 4688 3219 4751 missa
3283 4688 3350 4751 in
3410 4688 3675 4751 Nouam
3733 4687 4068 4751 ciuitatem
4134 4688 4222 4751 ad

1022 4798 1232 4861 dnum
1282 4796 1556 4879 Regem
1603 4795 1636 4857 I
1685 4814 1884 4859 marc.

1021 4905 1180 4969 item
1228 4924 1350 4986 pro
1396 4923 1560 4967 auro
1606 4923 1926 4987 percusso
1974 4904 2317 4987 wlgariter
2378 4904 2561 4966 dlcto
2626 4901 2906 4987 klepane
2966 4900 3156 4966 slotto
3222 4906 3307 4965 ad
3367 4904 3677 4966 eclesiam
3744 4924 3793 4967 5.
3862 4904 4091 4968 Crucis
4154 4904 4222 4966 in

1027 5010 1284 5076 Ltlrescz
1329 5011 1489 5074 dato
1536 5021 1604 5075 et
1650 4998 1871 5085 misso,
1917 5030 2181 5074 summa
2227 5011 2295 5073 II
2343 5031 2542 5075 marc.

1026 5121 1185 5184 item
1233 5140 1356 5202 pro
1402 5118 1471 5182 II
1517 5118 1744 5182 barilis
1789 5118 1928 5181 vini
1974 5118 2164 5182 rubei
2210 5129 2279 5182 et
2326 5119 2459 5182 albi
2506 5118 2869 5201 pictoribus
2915 5119 3345 5203 pingentibus
3408 5120 3473 5181 in
3523 5118 3744 5183 szecz
3810 5121 3895 5182 ad
3951 5122 4225 5183 manda·

1026 5239 1171 5292 tum
1214 5227 1472 5291 literale
1516 5226 1633 5290 dni
1678 5225 1900 5310 Regis
1944 5212 2048 5288 VI
2095 5246 2295 5290 marc.

1026 5336 1183 5397 item
1248 5335 1534 5398 sabbato
1599 5334 1756 5419 (5s7)
1821 5354 1946 5416 pro
2011 5334 2328 5417 expensis
2394 5335 2780 5417 precedenti
2844 5334 3217 5416 septimana
3282 5354 3401 5417 per
3466 5338 3673 5397 dnum
3741 5334 4225 5418 Hynczconem

1031 5443 1356 5507 Cracovie
1403 5462 1556 5505 cum
1605 5441 1969 5506 sartoribus
2014 5442 2359 5525 regalibus
2406 5442 2819 5524 consumptis
2864 5442 2896 5503 I
2944 5462 3142 5504 marc.
3189 5442 3339 5504 XX
3387 5463 3475 5506 se.
3522 5443 3555 5505 I
3604 5464 3701 5526 gr.

1027 5552 1185 5613 item
1237 5550 1518 5613 Andree
1565 5549 1992 5633 appotecario
2037 5569 2162 5631 pro
2209 5548 2647 5613 confectubus
2695 5558 2761 5611 et
2807 5548 3181 5613 electuariis
3219 5549 3434 5613 missis
3471 5551 3603 5613 dne
3640 5549 3904 5613 ducisse
3942 5549 4225 5613 Witoldi

1029 5660 1117 5724 ad
1163 5661 1554 5724 mandatum
1602 5658 1717 5723 dni
1763 5657 1986 5743 Regis
2033 5658 2170 5720 VII
2219 5678 2418 5721 mare.
