4592 6559
1075 532 1453 597 REJESTRA
1501 532 2088 582 PonsKARmEGo
2139 533 2473 585 Hmczm.
2532 541 2713 601 1394,
2774 543 2955 602 ¹395·
3501 541 3621 600 213

425 733 578 794 item
627 752 751 813 pro
798 732 866 795 II
913 733 1244 814 lapidibus
1292 735 1378 796 ad
1426 735 1822 816 lapsandum
1879 755 2002 798 seu
2068 735 2447 798 acuendum
2512 734 2811 816 predicta
2874 735 3127 798 rasoria
3173 735 3433 818 regalia
3478 737 3627 798 bar-

424 839 746 903 bitonsori
791 839 858 902 in
905 838 1232 905 Cracouia
1277 840 1309 903 Ι
1357 840 1500 904 fert.

426 947 585 1010 item
632 967 756 1029 pro
803 948 871 1011 II
917 947 1282 1030 forpicibus
1329 950 1464 1011 dno
1513 949 1699 1032 Regi
1747 949 1988 1032 emptis
2034 949 2069 1013 Ι
2113 949 2258 1013 fert.

427 1055 586 1118 item
633 1075 756 1137 pro
805 1055 838 1118 I
887 1056 1174 1141 corrigia
1219 1057 1306 1118 ad
1353 1056 1652 1138 predicta
1698 1057 1988 1138 lapsoria
2035 1057 2103 1120 ΙΙ
2149 1077 2239 1121 sc.

426 1161 588 1225 item
636 1182 758 1244 pro
805 1163 1068 1246 pectine
1116 1164 1368 1226 ebureo
1413 1165 1624 1226 eciam
1673 1165 1809 1226 dno
1858 1164 2041 1248 Regi
2091 1165 2198 1226 IX
2245 1185 2337 1228 sc.

426 1269 590 1332 item
638 1289 760 1351 pro
805 1270 986 1334 futro
1033 1273 1120 1334 ad
1166 1273 1629 1336 conseruanda
1675 1271 1939 1335 insimul
1988 1272 2305 1355 predicta,
2367 1271 2427 1352 ¹2¹2
2490 1293 2685 1335 marc.

428 1378 586 1440 item
636 1397 760 1459 pro
805 1376 935 1440 filis
981 1378 1150 1442 albis
1196 1400 1316 1441 seu
1365 1379 1834 1443 communibus
1881 1381 1966 1442 ad
2025 1381 2485 1442 consuendum
2559 1389 2853 1443 tecturas
2918 1399 3234 1444 curruum
3301 1379 3631 1463 regalium

429 1484 717 1548 thesauri
765 1485 850 1548 ad
897 1486 1264 1568 predictam
1313 1487 1838 1550 conuencionem
1889 1487 1990 1548 III
2039 1507 2127 1549 se.

431 1593 591 1656 item
637 1614 762 1675 pro
809 1593 841 1655 I
889 1614 1086 1656 curru
1135 1615 1314 1658 nouo
1361 1595 1514 1657 cum
1584 1593 1956 1680 attinenciis
2027 1603 2253 1676 preter
2308 1592 2583 1678 potclad
2621 1603 2881 1658 tantum
2935 1603 3001 1656 et
3046 1605 3277 1676 sporta
3325 1615 3403 1658 ac
3444 1599 3634 1678 ῥαγ-

434 1699 652 1786 coszky
696 1700 729 1762 I
777 1720 978 1764 mare.
1032 1700 1141 1763 XI
1188 1721 1277 1764 sc.

433 1808 592 1871 item
637 1829 760 1890 pro
808 1807 910 1870 IV
957 1808 1122 1871 rotis
1168 1809 1360 1872 nouis
1409 1811 1496 1871 ad
1545 1811 1835 1872 eundem
1885 1829 2152 1872 currum
2202 1808 2385 1872 XIII
2430 1829 2519 1872 sc.

434 1916 590 1978 item
638 1935 761 1997 pro
808 1916 1028 1978 cordis
1076 1916 1408 1979 suberinis
1455 1918 1542 1980 ad
1590 1917 1961 1999 predictum
2012 1937 2280 1980 currum
2331 1916 2361 1977 1
2409 1937 2497 1979 se.

434 2023 594 2086 item
642 2043 764 2104 pro
811 2023 1030 2086 cordis
1075 2023 1266 2086 lineis
1311 2025 1396 2086 ad
1446 2023 1813 2106 predictum
1867 2043 2134 2086 currum
2174 2025 2260 2086 ad
2298 2025 2671 2105 parandum
2729 2021 2929 2086 lanm'
2974 2034 3041 2086 et
3088 2023 3250 2087 alias
3295 2024 3639 2120 ligaturas,

437 2149 568 2212 que
615 2139 923 2212 spectant
969 2132 1053 2193 ad
1103 2151 1372 2194 currum
1421 2131 1451 2193 I
1499 2151 1590 2194 sc.
3130 2126 3137 2134 ’

435 2236 594 2300 item
643 2257 766 2319 pro
809 2238 1030 2300 resina
1072 2239 1159 2301 ad
1205 2239 1576 2320 predictum
1628 2259 1916 2312 currum,
1963 2239 2181 2301 cordis
2227 2238 2418 2301 lineis
2466 2248 2532 2301 et
2576 2237 2890 2302 finalibus
2935 2236 3337 2322 flagillorum
3378 2241 3463 2302 ad
3503 2239 3639 2302 No-

439 2365 593 2406 uam
642 2345 979 2408 ciuitatem
1027 2346 1362 2410 deducere
1411 2347 1784 2409 necessaria
1831 2347 1862 2408 I
1909 2345 2054 2408 fert.

653 2451 936 2515 Summa
983 2452 1083 2514 IV
1133 2473 1290 2516 mar.
1341 2453 1373 2514 Ι
1421 2453 1566 2516 fert.

653 2557 935 2623 Summa
982 2561 1282 2623 sexterni
1330 2560 1651 2624 VIIICLI
1700 2581 1900 2624 mare.
1941 2561 2007 2621 V
2055 2582 2145 2625 se.

655 2666 826 2728 Item
873 2687 996 2749 pro
1043 2667 1215 2729 VIII
1261 2669 1424 2730 rotis
1470 2670 1686 2731 solum
1735 2669 1922 2752 ligno
1970 2671 2057 2731 ad
2104 2688 2337 2732 currus
2375 2668 2673 2731 thezauri
2715 2667 2936 2752 Regis
2984 2669 3279 2750 aptando
3327 2688 3449 2750 pro
3486 2689 3641 2732 con-

443 2773 767 2837 uencione
815 2793 967 2837 cum
1015 2794 1178 2858 rege
1226 2774 1528 2858 Vngarie
1576 2777 1607 2838 Ι
1657 2796 1855 2839 marc.
1905 2776 1970 2839 II
2019 2797 2110 2840 sc.

440 2880 599 2944 item
667 2901 790 2963 pro
856 2881 997 2944 aliis
1063 2881 1164 2944 IV
1210 2882 1372 2944 rotis
1439 2884 1525 2944 ad
1593 2903 1917 2966 magnum
1985 2903 2251 2946 currum
2322 2883 2618 2947 thezauri
2685 2883 2929 2947 ibidem
2980 2884 3066 2944 ad
3114 2883 3640 2946 conuencionem

443 2987 622 3050 XVI
671 3007 758 3051 sc,

442 3095 598 3158 item
647 3097 934 3159 sabbato
978 3097 1291 3178 proximo
1337 3097 1402 3159 in
1437 3098 1740 3161 'crastino
1789 3099 2172 3161 Natiuitatis
2237 3098 2481 3162 Christi
2548 3097 2792 3180 (26112)
2860 3118 2981 3179 pro
3028 3071 3341 3179 expensis
3389 3097 3504 3160 dni
3552 3098 3645 3160 vi-

443 3203 921 3266 cethezaurarii
964 3202 1158 3267 factis
1205 3203 1528 3270 Cracouie
1576 3225 1730 3268 cum
1781 3206 2148 3268 sartoribus
2194 3206 2308 3268 dni
2375 3206 2596 3288 Regis
2661 3207 3135 3287 precedentem
3196 3205 3643 3286 septimanam

444 3310 476 3372 I
525 3330 724 3374 marc.
773 3310 885 3374 XI
930 3331 1018 3375 sc.

444 3417 602 3480 item
650 3417 818 3481 feria
862 3417 964 3481 IV
1010 3419 1319 3501 proxima
1364 3419 1531 3483 infra
1579 3431 1850 3483 octauas
1899 3420 2282 3483 Natiuitatis
2330 3420 2571 3483 Christi
2621 3420 2867 3504 (30112)
2912 3439 3034 3501 pro
3082 3419 3400 3484 incisione
3448 3421 3647 3484 cuttis

447 3525 623 3588 dicte
671 3529 860 3589 turza
905 3527 991 3588 ad
1038 3527 1253 3600 redaS‚
1298 3538 1634 3610 strepatus
1684 3539 1753 3590 et
1799 3524 2140 3611 nabodrky
2187 3526 2255 3589 II
2304 3547 2401 3610 gr.

448 3632 609 3696 item
657 3633 1094 3697 Hannussoni
1143 3635 1549 3698 cubiculario
1595 3634 1710 3697 dni
1777 3634 1998 3718 Regis
2063 3655 2184 3716 pro
2251 3634 2693 3716 exempcione
2759 3633 3036 3698 kathz'ne
3082 3655 3201 3697 seu
3249 3634 3501 3719 cinguli
3548 3656 3649 3698 ar-

451 3740 676 3822 gentei
723 3742 812 3803 ad
857 3761 1098 3804 vocem
1147 3743 1262 3804 dni
1313 3740 1536 3826 Regis
1583 3742 1650 3803 V
1699 3762 1897 3805 marc.

449 3847 606 3910 item
636 3869 758 3931 pro
797 3849 1153 3930 paracione
1191 3849 1464 3930 pellium
1504 3850 2035 3912 mardurinarum
2067 3851 2152 3910 ad
2185 3851 2354 3912 duas
2392 3851 2855 3923 subducturaS,
2894 3870 3028 3912 vna
3063 3849 3327 3912 ducisse
3367 3848 3650 3912 Oswan-

450 3954 786 4018 czimiensi
832 3966 901 4019 et
945 3958 1242 4019 secunda
1289 3956 1727 4019 Hannussoni
1774 3957 2092 4040 predict0‚
2144 3957 2228 4018 ad
2274 3956 2532 4020 literam
2584 3957 2697 4019 dni
2747 3956 2967 4040 Regis
3015 3957 3194 4036 11111'2
3254 3977 3456 4020 mare.

450 4061 606 4124 item
656 4061 819 4125 feria
865 4062 932 4123 V
981 4063 1286 4144 proxima
1335 4063 1580 4146 (31s12)
1631 4084 1751 4146 pro
1801 4065 1833 4127 I
1879 4065 2086 4128 barila
2127 4064 2262 4126 vini
2302 4063 2641 4127 Australis
2680 4063 2864 4126 missi
2902 4063 2966 4126 in
3008 4064 3273 4127 Nouam
3314 4063 3651 4128 ciuitatem

451 4169 517 4231 II
563 4189 766 4233 marc.
813 4168 989 4232 XIV
1039 4191 1126 4232 se.
1175 4171 1207 4233 I
1256 4191 1353 4254 gr.

449 4277 608 4339 item
656 4298 780 4359 pro
826 4277 954 4341 alia
1000 4278 1208 4341 barila
1254 4277 1390 4341 vini
1439 4278 1780 4362 Vngarici,
1828 4281 2030 4342 ducta
2077 4281 2211 4342 dno
2261 4279 2448 4363 Regi
2493 4279 2558 4341 in
2607 4279 2873 4342 Nouam
2914 4279 3251 4342 ciuitatem
3291 4279 3400 4358 1¹„f2
3450 4299 3650 4341 marc.

453 4385 608 4446 item
659 4384 1150 4449 Marschalconi
1195 4386 1630 4450 archiuectori
1679 4397 2027 4449 vectorum
2076 4386 2403 4470 regalium
2452 4407 2575 4468 pro
2626 4386 2870 4450 calceis
2916 4385 3018 4448 IV
3068 4407 3167 4470 gr.

453 4493 612 4554 item
663 4491 941 4556 Nicolao
991 4492 1540 4577 Zymnowodsky
1587 4495 1673 4556 ad
1720 4493 1980 4556 literam
2029 4495 2142 4557 dni
2191 4494 2415 4577 Regis
2459 4492 2596 4556 VII
2647 4511 2845 4556 marc.

455 4599 612 4661 item
656 4599 956 4680 Jacussio
1004 4601 1330 4685 magistro
1377 4601 1662 4683 coquine
1709 4602 1841 4663 dne
1887 4601 2162 4684 Regino
2225 4620 2428 4682 super
2472 4601 2747 4664 arbores
2793 4600 2877 4663 de
2924 4597 3223 4663 Sandecz
3268 4599 3334 4662 in
3383 4599 3650 4663 Nouam

455 4706 790 4770 ciuitatem
838 4727 960 4788 per
1005 4728 1249 4790 aquam
1297 4708 1744 4783 deducendas,
1811 4710 1897 4771 ad
1944 4728 2182 4771 vocem
2249 4708 2361 4770 dni
2427 4707 2649 4792 Regis
2712 4707 2963 4772 ibidem
3028 4709 3093 4770 in
3144 4708 3341 4771 Noua
3386 4708 3653 4772 ciuitate

454 4811 702 4876 factam
751 4813 824 4875 X
873 4832 1073 4877 mare.

671 4917 952 4984 Summa
998 4919 1296 4984 XXXII
1345 4941 1543 4985 marc.
1593 4922 1694 4984 III
1741 4922 1883 4985 fert.
1931 4921 2110 5004 IV11!²
2169 4943 2257 4986 sc.

1879 5169 2232 5273 (1395)

673 5350 842 5413 Item
895 5349 1326 5414 Ffranczconi
1373 5351 1582 5413 rasori
1647 5369 2022 5431 pannorum
2088 5350 2154 5413 in
2205 5351 2531 5413 Cracouia
2575 5370 2698 5432 pro
2764 5369 2994 5412 rasura
3040 5369 3415 5442 pannorum
3463 5371 3655 5434 rega-

457 5459 642 5532 lium,
687 5457 860 5520 sicut
902 5459 1250 5520 inuentum
1302 5466 1403 5520 est
1448 5459 1512 5520 in
1563 5457 1830 5520 racione
1875 5477 2104 5519 secum
2151 5459 2385 5540 posita,
2433 5457 2499 5520 II
2516 5458 2577 5537 ¹1²2
2639 5478 2838 5521 marc,

455 5565 616 5632 item
666 5566 954 5629 sabbato
995 5565 1306 5650 proxime
1354 5565 1662 5650 sequenti
1711 5564 1868 5648 (211)
1916 5586 2040 5650 pro
2085 5565 2400 5650 expensis
2438 5565 2551 5628 dni
2606 5564 3147 5630 vicethesaurarii
3195 5565 3659 5629 Cracouiensis
