4592 6559
943 494 976 536 2
1583 486 1964 551 REJESTRA
2013 487 2531 551 PoDRzEc’rwA
2578 488 3268 539 NIEPOLOMSKIEGO,
3328 478 3511 554 1388.

1153 688 1349 751 Feria
1395 699 1635 771 quarta
1683 688 1930 771 (16s12)
1985 688 2547 771 viceprocuratori
2593 708 2749 753 cum
2795 688 3045 754 familia
3083 691 3168 753 ad
3206 700 3421 753 totam
3460 689 3637 753 diem
3676 689 3787 753 die
3826 686 4136 770 Quatuor

937 806 1356 878 temporum:
1405 817 1527 879 pro
1575 796 1900 860 allecibus
1947 796 2049 860 III
2096 809 2311 880 quart.
2370 797 2597 860 caules
2643 808 2712 861 et
2778 798 2909 861 alia
2974 797 3260 881 propria,
3327 797 3521 879 panis
3586 806 3656 859 et
3722 796 4005 859 ceruisia
4049 797 4137 860 de

937 904 1356 967 molendinis,
1403 904 1537 967 Pro
1585 904 1776 986 equis
1821 904 1854 967 Ι
1903 904 2144 968 chorus
2191 925 2409 968 auene
2458 915 2525 968 et
2572 904 2803 970 fenum
2851 904 3140 989 propria,

1152 1009 1437 1075 Summa
1482 1011 1634 1094 dieij
1685 1011 1787 1073 III
1834 1024 2048 1094 quart.
2097 1032 2314 1075 auene
2362 1012 2395 1075 I
2442 1015 2705 1077 chorus,

1151 1120 1345 1183 Feria
1414 1120 1648 1202 quinta
1711 1120 1810 1200 (17
1819 1120 1959 1204 s12)
2024 1120 2590 1202 viceprocuratori
2655 1140 2811 1184 cum
2874 1118 3127 1183 familia
3192 1120 3279 1183 ad
3342 1130 3559 1183 totam
3622 1119 3837 1183 diem:
3904 1140 4139 1183 carnes

939 1226 1120 1309 prius
1167 1237 1396 1310 empte
1443 1237 1512 1289 et
1559 1228 1690 1290 alia
1735 1227 1962 1290 omnia
2009 1227 2279 1291 fuerunt
2336 1228 2620 1312 propria,
2668 1228 2861 1311 panis
2907 1238 2975 1291 et
3023 1227 3305 1292 ceruisia
3370 1228 3457 1290 de
3504 1226 3921 1291 molendinis,
4006 1227 4138 1290 Pro

937 1334 1129 1416 equis
1177 1334 1208 1397 I
1257 1336 1501 1398 chorus
1547 1355 1766 1397 auene
1815 1345 1885 1397 et
1931 1334 2161 1398 fenum
2210 1336 2495 1419 propria,

1151 1441 1438 1507 Summa
1483 1441 1634 1525 dieij
1685 1463 1902 1506 auene
1949 1444 1980 1504 I
2029 1444 2295 1507 chorus,

1152 1550 1208 1613 F
1212 1551 1349 1613 eria
1395 1561 1594 1613 sexta
1641 1550 1889 1631 (18s12)
1937 1550 2504 1633 viceprocuratori
2553 1571 2709 1614 cum
2776 1550 3027 1615 familia
3096 1553 3181 1615 ad
3228 1562 3443 1615 totam
3490 1551 3707 1615 diem:
3773 1570 3895 1633 pro
3943 1548 4137 1633 pisci-

935 1660 1063 1721 bus
1110 1658 1424 1722 videlicet
1470 1658 1786 1742 anguillis
1835 1669 1904 1721 et
1950 1654 2273 1721 allecibus
2314 1658 2380 1721 II
2419 1680 2517 1743 gr,
2567 1660 2804 1742 pisum,
2860 1660 3155 1730 mileum,
3204 1658 3395 1741 panis
3434 1669 3501 1721 et
3540 1658 3821 1721 ceruisia
3866 1656 4137 1720 fuerunt

936 1766 1220 1848 propria,
1269 1766 1401 1828 Pro
1449 1766 1641 1847 equis
1689 1766 1722 1827 I
1770 1767 1950 1829 chor,
2000 1786 2216 1829 auene
2264 1775 2336 1829 et
2380 1766 2613 1829 fenum
2662 1768 2946 1850 propria.

1151 1872 1435 1937 Summa
1481 1873 1634 1956 dieij
1688 1874 1717 1935 Ι
1765 1885 1928 1937 scot.
1977 1894 2194 1937 auene
2241 1874 2273 1935 I
2322 1875 2585 1939 chorus,

1149 1978 1454 2044 Sabbato
1503 1982 1750 2065 (19s12)
1798 1982 2369 2065 viceprocuratori
2435 2002 2587 2045 cum
2638 1982 2887 2046 familia
2952 1982 3039 2045 ad
3086 1984 3477 2065 prandium:
3523 1990 3663 2063 pro'
3692 1981 4016 2045 allecibus
4064 1990 4133 2043 et

932 2087 1359 2170 lampadibus
1406 2088 1509 2151 III
1556 2100 1770 2171 quart.
1818 2090 2044 2151 caules
2093 2101 2160 2153 et
2225 2091 2358 2153 alia
2404 2090 2633 2153 omnia
2678 2088 2950 2153 fuerunt
3014 2090 3299 2173 propria,
3364 2088 3555 2173 panis
3603 2100 3670 2151 et
3720 2088 4001 2151 ceruisia
4048 2090 4135 2151 de

935 2194 1352 2257 molendinis,
1399 2195 1612 2277 Equis
1659 2196 1692 2257 I
1739 2198 1918 2259 chor.
1966 2218 2184 2261 auenc
2233 2209 2303 2260 et
2348 2197 2580 2261 fenum
2626 2198 2912 2280 propria.

1147 2300 1433 2366 Summa
1478 2304 1628 2386 dieij
1677 2304 1782 2368 ΙΙΙ
1829 2316 2043 2386 quart.
2091 2326 2309 2368 auene
2356 2305 2389 2366 I
2436 2306 2699 2369 chorus,

1149 2407 1438 2474 Summa
1481 2411 1856 2493 septimane
1902 2411 1969 2473 V
2016 2422 2181 2476 scot,
2230 2433 2449 2476 auene
2496 2413 2633 2476 VII
2682 2412 2885 2476 chori.

1146 2516 1503 2581 Dominica
1576 2520 1929 2583 Memento
2005 2522 2213 2584 nostri
2279 2522 2527 2605 (20112)
2594 2521 3159 2604 viceprocuratori
3226 2540 3378 2583 cum
3446 2519 3698 2583 familia
3762 2520 3851 2581 ad
3915 2528 4132 2582 totam

931 2623 1418 2707 septimanam:
1466 2647 1588 2710 pro
1636 2648 1844 2710 perna
1890 2628 2190 2692 carnium
2257 2630 2685 2713 porcinarum
2734 2627 2921 2714 V1¹s2
2975 2650 3074 2713 gr.
3122 2628 3361 2711 pisum,
3412 2626 3684 2701 milium,
3732 2627 3940 2709 paniS‚
3994 2646 4133 2689 cer—

935 2732 1100 2795 uisia
1145 2732 1418 2798 fuerunt
1465 2735 1750 2819 propria,
1798 2734 2010 2819 Equis
2058 2736 2090 2798 I
2139 2738 2387 2801 chorus
2434 2758 2652 2801 auene
2700 2748 2771 2801 et
2816 2734 3049 2800 fenum
3095 2735 3386 2819 propria,

1148 2841 1432 2905 Summa
1478 2842 1854 2925 septimane
1902 2842 2088 2930 V1¹s2
2139 2866 2240 2929 gr,
2288 2866 2507 2909 auene
2552 2846 2586 2908 I
2635 2846 2897 2909 chorus,

1147 2948 1344 3011 Feria
1391 2952 1688 3014 secunda
1735 2951 1882 3033 ipso
1949 2952 2056 3016 die
2104 2953 2320 3016 sancti
2368 2952 2631 3015 Thome
2688 2952 2977 3035 apostoli
3041 2950 3288 3034 (21s12)
3355 2948 3923 3033 viceprocuratori
3972 2968 4129 3012 cum

933 3053 1184 3118 familia
1230 3077 1352 3139 pro
1401 3066 1544 3121 tota
1591 3057 1732 3121 die:
1783 3078 2018 3123 carnes
2066 3061 2248 3143 prius
2297 3072 2545 3143 empte,
2592 3061 2829 3143 pisum,
2890 3058 3163 3133 milium,
3222 3057 3449 3121 omnia
3494 3056 3780 3141 propria,
3827 3056 4017 3140 panis
4065 3066 4135 3120 et

931 3162 1214 3249 ceruisia
1260 3164 1346 3226 de
1393 3165 1812 3230 molendinis,
1905 3166 2037 3230 Pro
2085 3168 2275 3250 equis
2322 3169 2357 3230 I
2402 3170 2647 3231 chorus
2696 3188 2911 3231 auene
2959 3176 3028 3229 et
3073 3164 3307 3229 fenum
3353 3164 3639 3249 propria.
3733 3164 3867 3228 Pro
3916 3164 4133 3228 ocreis

935 3281 1004 3333 et
1050 3271 1329 3353 capucio
1376 3292 1597 3355 coquo
1665 3274 1984 3338 castrensi
2029 3274 2167 3338 VII
2215 3296 2317 3360 gr,
2413 3276 2531 3339 Ad
2578 3275 3033 3359 prouisionem
3081 3266 3459 3337 faciendam
3505 3294 3629 3357 pro
3676 3273 3805 3336 isto
3852 3271 4135 3337 sanctis-

931 3378 1101 3443 simo
1167 3377 1340 3443 festo
1407 3380 1793 3444 Natiuitatis
1857 3382 2100 3446 Christi
2167 3394 2235 3445 et
2300 3394 2577 3466 propter
2640 3382 3197 3468 coagillacionem
3264 3380 3590 3444 maiorem
3658 3380 3874 3443 XIIII
3922 3399 4135 3443 mens,

930 3486 1228 3571 siliginis,

1144 3593 1430 3659 Summa
1474 3596 1626 3679 dieij
1676 3596 1814 3660 VII
1862 3618 1961 3681 gr.
2008 3616 2226 3661 auene
2272 3597 2306 3660 Ι
2353 3598 2615 3661 chorus,

1143 3702 1342 3766 Feria
1385 3703 1592 3768 tercia
1639 3704 1696 3785 (2
1708 3704 1886 3789 2s12)
1935 3704 2501 3787 viceprocuratori
2538 3726 2693 3769 cum
2731 3703 2981 3769 familia
3017 3705 3105 3767 ad
3141 3713 3355 3767 totam
3393 3702 3609 3767 diem:
3658 3723 3894 3767 carnes
3946 3702 4131 3785 prius

933 3818 1158 3893 empte
1204 3820 1274 3873 et
1320 3811 1448 3873 alia
1495 3812 1721 3875 omnia
1785 3812 2070 3895 propria,
2137 3812 2329 3895 panis
2394 3823 2464 3877 et
2528 3813 2810 3877 ceruisia
2874 3813 2961 3876 de
3028 3811 3449 3875 molendinis.
3540 3810 3753 3893 Equis
3800 3810 3835 3873 Ι
3882 3811 4127 3875 chorus

931 3936 1147 3980 auene
1195 3930 1264 3981 et
1308 3917 1538 3982 fenum
1585 3919 1872 4002 propria.

1145 4024 1430 4089 Summa
1474 4026 1626 4110 dieij
1678 4047 1892 4090 auene
1941 4027 1974 4090 I
2021 4028 2286 4093 chorus,

1144 4131 1202 4195 F
1205 4132 1342 4197 eria
1387 4144 1627 4215 quarta
1673 4134 1729 4216 (2
1741 4134 1919 4217 3s12)
1986 4136 2300 4200 dominus
2346 4148 2742 4220 procurator
2804 4137 2890 4200 de
2938 4136 3265 4200 Cracouia
3311 4135 3517 4199 venit,
3606 4134 3729 4199 Ad
3772 4133 4128 4218 prandium

932 4240 1208 4303 domino
1255 4241 1672 4323 procuratori
1719 4262 1874 4306 cum
1923 4244 2509 4326 viceprocuratore
2550 4256 2620 4309 et
2654 4244 2906 4308 familia
2950 4244 3283 4327 ipsorum:
3332 4242 3559 4307 omnia
3604 4242 3889 4325 propria,
3936 4241 4129 4325 panis

932 4357 1002 4409 et
1048 4347 1345 4422 ceruisia,
1393 4348 1706 4424 butirum,
1755 4370 2046 4426 caseum,
2094 4373 2226 4417 oua
2271 4352 2557 4436 propria,
2605 4373 2728 4435 pro
2776 4351 3071 4435 piscibus
3118 4362 3186 4414 et
3234 4351 3557 4414 allecibus
3603 4349 3673 4413 H
3718 4360 3883 4413 scot.
3928 4369 4050 4433 pro
4096 4348 4129 4411 I

931 4454 1217 4537 quartali
1264 4455 1545 4519 ceruisie
1591 4456 1736 4519 XV
1783 4469 1947 4522 scot.
1993 4459 2061 4521 in
2108 4457 2388 4523 Boclma
2434 4471 2669 4543 empta
2712 4478 2917 4541 super
2982 4458 3227 4522 Natale
3293 4456 3556 4522 Christi,
3646 4458 3781 4522 Pro
3828 4456 4017 4539 equis
4063 4454 4131 4518 II

931 4580 1141 4625 mens,
1190 4582 1425 4626 auene,

1143 4668 1425 4735 Summa
1473 4672 1623 4757 dieij
1672 4672 1889 4737 XVII
1935 4685 2100 4738 scot.
2148 4696 2367 4738 auene
2414 4675 2483 4738 ΙΙ
2531 4694 2864 4739 mensure,

1143 4778 1340 4841 Feria
1386 4778 1619 4861 quinta
1663 4780 1732 4843 in
1779 4780 2009 4865 vigilia
2055 4782 2448 4846 Natiuitatis
2495 4781 2739 4847 Christi
2786 4781 2959 4865 (24s1
2978 4782 3035 4862 2)
3101 4778 3377 4843 domino
3442 4778 3859 4862 procuratori
3919 4789 3988 4842 et
4034 4777 4130 4841 vi-

931 4888 1428 4967 ceprocuratori
1475 4908 1630 4951 cum
1679 4887 1928 4951 familia
1975 4889 2063 4952 ad
2109 4890 2504 4972 prandium:
2552 4911 2675 4972 pro
2720 4889 3015 4973 piscibus
3055 4899 3124 4951 et
3163 4887 3487 4951 allecibus
3524 4907 3651 4951 sex
3688 4897 3852 4952 scot,
3889 4886 4130 4969 pisum,

929 4992 1224 5064 mileum,
1270 4994 1478 5075 paniS,
1530 4995 1810 5059 ceruisia
1857 5006 1925 5059 et
1972 4997 2197 5060 omnia
2253 4998 2537 5081 propria,
2606 5018 2729 5081 pro
2794 5016 3002 5080 porco
3063 4994 3221 5059 vivo
3267 4994 3407 5059 VII
3452 5006 3615 5059 scot.
3663 5014 3788 5076 pro
3832 4994 3943 5057 die
3989 5012 4131 5057 cra·

930 5099 1121 5174 stina,
1168 5119 1290 5183 pro
1339 5101 1408 5164 II
1451 5102 1792 5185 leporibus
1830 5102 1968 5167 VH
2015 5125 2114 5189 gr,
2164 5107 2252 5167 ad
2297 5104 2742 5169 Natiuitatem
2791 5102 3056 5169 Christi.
3102 5102 3235 5166 Pro
3285 5101 3475 5185 equis
3520 5101 3587 5166 ΙΙ
3634 5120 3845 5165 mens,
3894 5120 4131 5165 auene,

1143 5206 1429 5271 Summa
1475 5208 1625 5292 dieij
1675 5208 1856 5273 XVI
1902 5222 2068 5275 scot.
2116 5211 2149 5274 I
2197 5232 2298 5296 gr.
2346 5232 2565 5276 auene
2613 5212 2682 5275 11
2728 5230 3061 5275 mensure.

1145 5314 1202 5378 F
1204 5314 1343 5377 eria
1388 5326 1585 5379 sexta
1630 5316 1740 5379 die
1787 5316 2174 5382 Natiuitatis
2221 5318 2465 5384 Christi
2513 5320 2570 5401 (2
2581 5338 2615 5401 5
2622 5320 2685 5404 s'1
2704 5320 2761 5401 2)
2820 5319 3095 5383 domino
3160 5316 3580 5401 procuratori
3626 5327 3695 5380 et
3742 5316 4127 5400 viceprocu-

930 5421 1134 5485 ratori
1181 5441 1336 5485 cum
1383 5422 1635 5486 familia
1682 5426 1770 5487 ad
1816 5435 2030 5488 totam
2078 5427 2296 5489 diem:
2344 5448 2465 5509 pro
2511 5427 2793 5511 prandio
2840 5426 3115 5491 domino
3176 5422 3591 5509 procuratori
3646 5424 3911 5507 lepores
3946 5424 4129 5507 prius

930 5529 1155 5612 empti,
1202 5529 1366 5593 item
1413 5550 1586 5595 unus
1632 5550 1876 5613 porcus
1923 5534 2108 5614 prius
2155 5545 2445 5617 emptuS,
2492 5535 2673 5617 pulli,
2720 5533 2958 5618 pisum,
3016 5532 3289 5609 milium,
3336 5532 3530 5615 panis
3572 5540 3700 5595 etc.
3749 5531 4014 5614 propria
4060 5541 4130 5594 et

925 5636 1210 5699 ceruisia
1256 5636 1439 5720 prius
1486 5648 1732 5721 empta,
1779 5638 1913 5703 Pro
1960 5641 2149 5723 equis
2195 5642 2264 5704 II
2313 5662 2524 5705 mens,
2575 5662 2811 5705 auene,
