4592 6559
995 455 1122 530 526
1342 466 1720 533 REJESTRA
1767 453 2192 528 WATRoBm
2242 468 2903 531 W1ELKORZADZCY
2952 471 3612 522 KRAKowsmEGO.
3672 465 3854 539 1418.

994 665 1273 750 ceruisie
1320 686 1524 747 super
1567 679 1778 729 totam
1827 668 2270 749 septimanam
2322 670 2585 750 proprie
2634 671 3013 744 braxature,
3061 672 3221 734 item
3262 693 3383 754 pro
3418 673 3697 736 simellis
3742 695 3946 756 super
3982 685 4205 738 totam

993 772 1454 854 septimanam,
1519 775 1672 856 quia
1720 775 1949 858 vigilia
2012 787 2244 838 sancte
2312 776 2703 850 Katherine,
2769 777 2913 840 XII
2959 799 3048 841 sc.
3114 778 3271 842 item
3320 800 3445 861 pro
3490 781 3787 844 scutellis
3832 784 4083 864 pulcris
4134 781 4207 845 II

993 899 1082 940 se.
1129 879 1288 942 item
1337 900 1460 960 pro
1509 881 1933 944 licuminibus
1979 893 2270 964 quatuor
2317 904 2405 946 sc.
2456 884 2487 945 I
2535 905 2635 967 gr.

1208 987 1380 1049 Item
1429 989 1760 1051 dominica
1805 989 2119 1071 proxima
2165 1000 2320 1054 ante
2367 989 2611 1054 festum
2660 991 2876 1053 sancti
2915 993 3194 1055 Andree
3234 993 3291 1073 (2
3303 1016 3333 1074 7
3342 995 3404 1074 si
3430 997 3481 1074 1)
3520 1008 3810 1077 quatuor
3854 1018 4022 1059 vasa
4057 1018 4210 1060 cer·

993 1093 1176 1168 uisie,
1222 1094 1348 1158 tria
1392 1096 1658 1178 proprie
1705 1098 2072 1160 braxature
2119 1109 2186 1160 et
2233 1118 2441 1160 vnum
2510 1108 2811 1180 emptum
2859 1119 2982 1180 pro
3029 1101 3291 1180 paratiS,
3340 1101 3525 1164 XIX
3574 1122 3663 1165 sc.
3730 1103 3891 1166 item
3938 1125 4065 1185 pro
4116 1105 4208 1165 si·

995 1202 1212 1263 mellis
1257 1221 1461 1284 super
1507 1213 1719 1266 totam
1767 1205 2214 1286 septimanam
2266 1204 2407 1268 XII
2454 1225 2544 1268 se.

1208 1307 1378 1370 Item
1428 1310 1534 1372 die
1581 1310 1916 1373 dominico
1962 1311 2276 1392 proximo
2314 1324 2467 1394 post
2503 1315 2717 1396 ipsam
2766 1313 2943 1376 diem
2991 1323 3221 1377 sancte
3270 1315 3567 1378 Barbare
3614 1318 3665 1398 (1
3690 1320 3861 1400 1s12)
3908 1329 4213 1399 quatuor

994 1434 1158 1476 vasa
1205 1415 1484 1478 ceruisie
1531 1429 1760 1498 empta
1824 1439 1948 1500 pro
1994 1419 2256 1500 paratis,
2323 1431 2392 1483 et
2455 1421 2585 1484 hoc
2651 1422 2818 1494 ide0,
2884 1421 3040 1502 quia
3104 1422 3423 1483 nolebant
3486 1423 3701 1504 ipsam
3766 1425 4063 1506 recipere
4113 1427 4209 1487 de

995 1522 1402 1598 braxatorio,
1449 1536 1584 1586 tres
1631 1546 1790 1588 mar.
1838 1537 2127 1607 quatuor
2172 1547 2262 1590 sc.
2312 1528 2469 1590 item
2518 1548 2641 1609 pro
2686 1528 2937 1590 simelis
2984 1547 3188 1609 super
3250 1537 3459 1591 totam
3528 1531 3989 1611 septimanam,
4038 1533 4209 1614 quia

994 1629 1265 1692 fuerunt
1311 1634 1442 1694 due
1491 1632 1733 1714 vigilie,
1793 1634 2003 1695 sancti
2054 1633 2314 1698 Nicolai
2380 1645 2448 1697 et
2513 1633 3013 1717 ConcepcioniS‚
3062 1635 3171 1696 XI
3218 1655 3308 1698 sc.
3375 1636 3533 1699 item
3601 1658 3725 1718 pro
3771 1639 4054 1702 olliculis
4102 1640 4207 1701 vi-

993 1736 1152 1799 treis
1196 1737 1264 1798 ΙΙ
1311 1759 1401 1801 50.
1543 1816 1556 1823 ,

1209 1843 1492 1908 Summa
1537 1847 1731 1908 huius
1776 1849 2136 1928 columpne
2181 1846 2340 1910 facit
2386 1847 2488 1911 VI
2536 1870 2696 1912 mar.
2744 1849 2887 1912 XII
2934 1869 3023 1912 50.
3073 1849 3102 1911 Ι
3152 1871 3249 1932 gr.

1207 1953 1380 2015 Item
1427 1953 1706 2016 ceruisia
1754 1955 2303 2018 Proschouiensis
2347 1977 2471 2018 sex
2518 1957 2820 2029 octualia,
2889 1977 3020 2037 que
3068 1945 3272 2020 ducta
3318 1955 3590 2020 fuerunt
3636 1979 3759 2038 pro
3804 1960 4030 2022 iuueni
4076 1963 4204 2022 do-

993 2059 1176 2121 mina
1220 2060 1446 2121 iuueni
1494 2060 1567 2142 (s)
1615 2061 1893 2144 Regina
1939 2061 2110 2124 insta
2156 2064 2285 2124 hoc
2333 2073 2619 2144 tempuS,
2666 2063 2733 2124 II
2782 2083 2946 2125 mar.

1208 2167 1378 2230 Item
1425 2168 1729 2251 sequitur
1776 2169 2127 2250 expedicio
2174 2191 2501 2252 equorum
2553 2173 2637 2232 ad
2686 2171 3032 2233 dominum
3100 2170 3375 2254 Regem
3445 2193 3679 2235 uersus
3745 2173 4203 2238 Lithwaniam

993 2293 1146 2336 cum
1197 2275 1543 2338 Bet-nardo
1588 2276 2022 2360 subagazone
2068 2279 2154 2340 de
2223 2276 2549 2340 Welz'czka
2594 2279 2739 2359 ipso
2775 2278 2882 2340 die
2919 2279 3099 2340 beati
3148 2277 3419 2341 Martini
3458 2281 3721 2362 (11l11).
3770 2281 3941 2344 Item
3980 2284 4205 2364 primo

993 2401 1116 2462 pro
1163 2394 1318 2444 octo
1365 2381 1584 2456 frenis
1631 2382 1981 2464 quodlibet
2028 2405 2147 2466 per
2192 2405 2319 2446 sex
2368 2405 2468 2468 gr.
2544 2397 2611 2448 et
2658 2396 2813 2448 octo
2861 2386 3182 2468 capistri5‚
3228 2387 3525 2468 quelibet
3570 2408 3693 2470 per
3737 2388 3919 2468 111112
3978 2411 4081 2473 gr.
4130 2391 4202 2452 in

993 2499 1136 2552 toto
1183 2489 1343 2552 facit
1391 2489 1498 2569 I¹l2
1559 2511 1719 2552 mar.
1768 2494 1904 2553 duo
1951 2512 2039 2554 50.
2106 2491 2266 2555 item
2314 2513 2439 2573 pro
2486 2494 2804 2574 expensis
2851 2492 3070 2556 eidem
3139 2514 3294 2556 cum
3341 2495 3697 2557 duodecim
3744 2496 3935 2577 equis
3980 2509 4050 2559 et
4095 2513 4203 2560 to-

993 2597 1175 2658 ciens
1220 2596 1486 2659 famulis
1531 2619 1656 2660 sex
1703 2617 1964 2661 marcas
2019 2599 2086 2660 in
2135 2600 2475 2662 communi
2521 2611 2795 2662 moneta
2860 2601 3152 2663 currenti
3200 2613 3267 2664 et
3314 2621 3518 2664 vnam
3569 2622 3863 2664 marcam
3912 2605 3979 2665 in
4028 2605 4206 2679 latis,

992 2705 1131 2768 VII
1177 2725 1339 2768 mar.
1389 2705 1496 2768 XI
1543 2717 1706 2768 scot.

1205 2812 1490 2877 Summa
1532 2813 1728 2875 huius
1775 2814 2233 2895 expedicionis
2278 2815 2437 2877 facit
2485 2815 2592 2877 XI
2641 2835 2805 2878 mar.
2850 2815 2884 2878 I
2932 2827 3098 2878 scot.

1203 2921 1374 2983 Item
1422 2920 1724 3002 sequitur
1769 2921 1979 2983 stacio
2028 2922 2298 2984 domine
2368 2921 2639 3006 Regine
2703 2923 2770 2984 in
2818 2921 3256 2986 Prosclwuz'ce
3316 2923 3481 2986 feria
3546 2935 3745 2986 sexta
3792 2925 3859 2987 in
3886 2927 4202 2988 'crastino

992 3027 1472 3109 Concepcionis
1521 3029 1724 3112 (9s12)
1771 3031 1858 3091 ad
1906 3040 2191 3104 noctem,
2240 3031 2513 3112 quando
2562 3030 2907 3112 equitabat
2972 3031 3057 3092 de
3124 3030 3537 3094 Lithwania:
3606 3031 3765 3093 item
3814 3052 3938 3112 pro
3984 3033 4203 3096 tribus

992 3137 1366 3199 octualibus
1411 3136 1692 3199 ceruisie
1739 3157 1943 3199 vnam
1993 3157 2151 3200 mar.
2200 3137 2359 3200 item
2407 3157 2529 3218 pro
2577 3138 2725 3200 ollis
2772 3147 2840 3200 et
2885 3138 3167 3200 olliculis
3215 3139 3637 3201 multralibus
3686 3151 3821 3200 tres
3866 3159 3957 3200 sc.

1208 3243 1379 3306 Item
1429 3243 1536 3306 die
1582 3245 1868 3307 sabbato
1912 3245 2218 3327 sequenti
2267 3245 2408 3326 (iol
2422 3244 2515 3324 12)
2583 3245 2669 3306 ad
2736 3245 3125 3326 prandium:
3192 3245 3352 3307 item
3419 3266 3542 3327 pro
3606 3246 3899 3327 piscibus
3946 3245 4199 3308 XVIII

997 3372 1086 3414 sc,
1132 3351 1291 3413 item
1339 3372 1461 3433 pro
1507 3352 1721 3414 caseis
1767 3351 1908 3414 XV
1957 3373 2057 3435 gr.
2104 3352 2262 3414 item
2313 3372 2435 3433 pro
2481 3351 2627 3414 ouis
2675 3361 2962 3432 quatuor
3006 3372 3096 3416 sc.
3144 3352 3301 3415 item
3350 3373 3475 3434 pro
3520 3353 3853 3436 angwillis
3899 3353 4199 3435 quinque

996 3479 1085 3522 sc.
1131 3459 1292 3521 item
1340 3479 1462 3540 pro
1511 3459 1730 3522 butiro
1777 3469 2036 3540 septem
2081 3479 2172 3522 50.
2218 3459 2377 3522 item
2430 3479 2550 3540 pro
2596 3459 2895 3522 scutellis
2930 3459 3067 3523 duo
3103 3479 3192 3522 sc.
3240 3460 3398 3522 item
3446 3479 3570 3540 pro
3616 3479 3791 3541 pane
3836 3462 3996 3524 albo
4034 3481 4199 3543 qua-

995 3577 1147 3628 tuor
1191 3587 1282 3628 se.
1327 3565 1488 3628 item
1534 3587 1656 3647 pro
1711 3585 1848 3628 vno
1896 3567 2142 3628 octuali
2209 3567 2487 3629 ceruisle
2535 3565 2706 3629 VIII
2752 3585 2844 3629 sc.
2908 3565 3066 3628 item
3132 3587 3256 3648 pro
3327 3565 3504 3629 XVI
3570 3567 3900 3629 mensuris
3963 3588 4199 3641 auene,

995 3674 1154 3755 quia
1199 3673 1266 3735 in
1313 3672 1559 3736 allodio
1623 3693 1758 3735 non
1823 3671 2103 3746 suffecit,
2169 3675 2541 3756 quamlibet
2604 3692 2987 3735 mensuram
3054 3693 3175 3754 per
3237 3674 3535 3755 quinque
3582 3693 3681 3756 gr.
3726 3673 3795 3735 in
3845 3683 3992 3736 toto
4036 3673 4199 3738 facit

997 3801 1198 3847 vnam
1247 3801 1541 3844 marcam
1590 3780 1767 3843 XVI
1813 3801 1902 3844 se.
1951 3781 1984 3844 I
2031 3802 2191 3846 mar.
2239 3780 2419 3843 XVI
2465 3801 2555 3844 sc.

1209 3889 1494 3953 Summa
1539 3889 1735 3951 huius
1781 3888 1939 3951 facit
1986 3889 2282 3972 quinque
2330 3907 2491 3951 mar.
2541 3886 2608 3949 V
2653 3909 2752 3972 gr.

1209 3997 1380 4059 Item
1427 3996 1730 4078 sequitur
1776 3996 1904 4058 alia
1950 3997 2161 4059 stacio
2208 3996 2531 4059 Cracouie
2578 3995 2686 4058 die
2732 3996 3018 4058 sabbato
3064 3995 3363 4058 eiusdem
3413 3995 3683 4058 domine
3729 3996 4006 4079 Regine
4045 4017 4195 4078 pro-

997 4105 1180 4166 xima
1224 4117 1376 4185 post
1423 4103 1668 4178 festum
1717 4103 2202 4185 Concepcionis
2265 4115 2498 4166 sancte
2544 4101 2761 4165 Marie
2808 4102 3057 4184 (1os12)
3121 4105 3207 4165 ad
3254 4121 3511 4176 cenam,
3560 4103 3833 4184 quando
3882 4105 4066 4166 venit
4110 4105 4197 4166 de

996 4212 1404 4278 Lithwanias
1453 4213 1612 4276 item
1663 4233 1785 4294 pro
1831 4212 2125 4294 piscibus
2180 4212 2565 4275 recentibus
2610 4210 2795 4273 XXI
2840 4230 2930 4274 se.
2976 4210 3135 4273 item
3184 4230 3307 4291 pro
3356 4210 3647 4291 piscibus
3694 4210 3886 4272 salsis
3932 4231 4057 4274 sex
4104 4231 4196 4277 se.

995 4320 1152 4382 item
1201 4340 1321 4402 pro
1367 4320 1592 4382 butiro
1638 4330 1928 4402 quatuor
1973 4339 2065 4382 se.
2128 4319 2286 4382 item
2356 4338 2477 4401 pro
2542 4319 2755 4381 caseis
2802 4318 2907 4380 IX
2958 4337 3057 4401 gr.
3122 4318 3279 4379 item
3328 4337 3450 4398 pro
3508 4317 3655 4379 ouis
3704 4315 3840 4378 VII
3888 4338 3987 4400 gr.
4033 4318 4191 4380 item

995 4447 1118 4508 pro
1162 4427 1336 4490 lacte
1384 4427 1450 4489 II
1497 4446 1586 4489 50.
1633 4427 1790 4490 item
1839 4447 1961 4508 pro
2007 4424 2281 4490 simellis
2326 4425 2623 4508 quinque
2669 4445 2767 4508 gr.
2814 4424 2973 4488 item
3021 4444 3144 4506 pro
3190 4425 3458 4486 duobus
3495 4423 3715 4486 vrceis
3752 4425 3837 4486 ad
3877 4425 4191 4487 balneum

996 4535 1026 4597 I
1043 4537 1104 4615 ¹j2
1163 4555 1264 4618 gr.
1309 4533 1468 4597 item
1518 4554 1639 4615 pro
1678 4533 1850 4597 tenis
1888 4534 1955 4596 II
1993 4555 2083 4598 sc,
2129 4535 2288 4596 item
2338 4553 2459 4614 pro
2508 4553 2643 4594 vna
2688 4551 3037 4615 sexagena
3082 4531 3513 4595 scutellarum
3561 4530 3670 4594 IX
3718 4551 3816 4614 gr.
3865 4531 4025 4594 item
4072 4552 4194 4612 pro

995 4663 1130 4704 vna
1175 4661 1524 4726 sexagena
1568 4643 1854 4704 ollarum
1902 4653 2190 4724 quatuor
2235 4661 2325 4703 se.
2390 4641 2545 4703 item
2598 4659 2720 4721 pro
2766 4639 3050 4703 olliculis
3096 4637 3343 4721 pulcris
3391 4649 3461 4700 et
3504 4637 3703 4701 luteis
3748 4638 4047 4720 quin-que
4094 4660 4193 4723 gr.

1207 4748 1381 4811 Item
1429 4748 1683 4812 milium
1731 4759 1875 4811 erat
1922 4749 2283 4831 proprium,
2330 4749 2489 4810 item
2538 4749 2675 4810 duo
2722 4767 2887 4810 vasa
2932 4746 3209 4810 ceruisie
3259 4746 3537 4828 propria.

1208 4857 1381 4919 Item
1429 4857 1536 4920 die
1584 4856 1918 4920 dominico
1968 4857 2214 4940 (11s12)
2263 4857 2349 4918 ad
2395 4855 2693 4937 prandia,
2741 4856 2898 4938 quia
2945 4854 3168 4916 omnia
3214 4852 3589 4916 necessaria
3627 4852 3999 4916 ministrata
4035 4863 4194 4915 sunt

993 4984 1114 5046 per
1158 4965 1505 5028 dominum
1554 4974 2093 5046 procuratorem:
2159 4964 2323 5026 item
2369 4982 2493 5045 pro
2560 4982 2698 5024 vno·
2761 4980 3045 5043 peccore
3110 4981 3311 5042 super
3356 4972 3570 5022 totam
3617 4960 3795 5022 diem
3844 4979 3982 5022 vna
4030 4980 4189 5022 mar.

992 5075 1150 5139 item
1198 5095 1323 5157 pro
1371 5093 1506 5136 vno
1553 5073 1758 5136 ariete
1804 5072 2100 5154 quinque
2147 5091 2233 5134 50.
2300 5071 2460 5133 item
2508 5089 2631 5151 pro
2697 5070 2959 5133 duabus
3020 5067 3247 5150 parnis
3292 5068 3365 5149 (s)
3414 5066 3713 5131 carnium
3763 5067 4189 5150 porcinarum

994 5180 1208 5246 XIIII
1255 5203 1344 5246 sc.
1390 5182 1550 5244 item
1597 5201 1722 5263 pro
1767 5179 2008 5264 vigi-nti
2073 5179 2288 5260 pullis,
2353 5177 2681 5259 capiendo
2728 5197 2849 5259 per
2895 5174 3037 5238 XV
3087 5176 3237 5240 den.
3302 5176 3387 5237 ad
3435 5177 3788 5257 prandium
3836 5185 3905 5238 et
3952 5175 4041 5237 ad
4085 5195 4189 5237 ce-

994 5311 1170 5364 nam,
1216 5299 1370 5354 octo
1417 5310 1507 5353 50.
1553 5287 1698 5350 XII
1747 5289 1896 5350 den.
1942 5287 2102 5350 item
2149 5307 2272 5368 pro
2319 5283 2557 5368 viginti
2604 5285 2867 5347 duabus
2914 5283 3112 5356 aucis,
3162 5280 3459 5364 quelibet
3504 5301 3627 5364 per
3672 5292 3829 5344 octo
3876 5291 4187 5364 quarten-

993 5419 1102 5461 ses
1147 5399 1234 5461 ad
1279 5397 1631 5479 prandium
1679 5407 1748 5459 et
1794 5397 1880 5458 ad
1925 5413 2178 5466 cenam,
2226 5392 2547 5456 tredecim
2597 5410 2686 5454 sc.
2734 5390 2767 5453 Ι
2814 5411 2914 5475 gr.
2960 5410 3088 5452 sex
3136 5391 3285 5452 den.
3350 5389 3507 5452 item
3556 5409 3679 5471 pro
3726 5389 4005 5452 aniculis
4050 5399 4185 5452 tarn

994 5505 1258 5589 magnis
1305 5524 1509 5586 quam
1557 5503 1782 5586 paruis
1828 5513 1965 5565 tres
2011 5522 2100 5564 sc.
2148 5501 2309 5564 item
2356 5520 2478 5582 pro
2522 5500 2698 5562 lacte
2766 5499 2854 5561 ad
2918 5497 3277 5578 prandium
3338 5506 3410 5558 et
3462 5497 3549 5558 ad
3594 5514 3834 5559 cenam
3900 5507 4185 5577 quatuor
