4592 6559
983 532 987 537 ,
1039 472 1160 529 160
1814 478 2193 543 REJESTRA
2243 477 2833 527 PODSKARBIEGO
2879 472 3226 527 H1chxr.-
3264 483 3452 543 ¹393·

1028 682 1188 746 item
1235 701 1358 765 pro
1405 679 1577 743 VIII
1623 679 1796 743 vlnis
1844 681 1976 743 tele
2023 681 2228 743 crude
2276 679 2432 742 date
2478 679 2853 742 balneatori
2901 678 3031 741 dni·
3064 678 3301 763 Regis,
3367 678 3734 761 quamlibet
3780 678 4009 740 vinam
4068 676 4237 739 reci-

1028 789 1274 873 piendo
1321 809 1440 872 per
1473 809 1584 873 gr.
1632 808 1896 851 summa
1940 786 2098 850 facit
2143 786 2245 848 IV
2291 807 2382 851 50.

1027 898 1187 961 item
1234 917 1357 979 pro
1403 896 1570 959 sella
1615 894 1912 959 Daczoni
1960 894 2367 958 cubiculario
2414 894 2527 957 dni
2577 894 2796 976 Regis
2844 914 2995 957 cum
3048 894 3357 957 omnibus
3403 893 3776 958 attinenciis
3820 895 3909 957 ad
3957 893 4237 955 manda-

1029 1018 1175 1069 tum
1222 1004 1355 1093 dni
1382 1004 1606 1088 Regis
1653 1003 1762 1065 IX
1810 1023 1900 1065 50.
3548 1064 3581 1073 ,,
4135 1068 4142 1075 ,

1028 1114 1189 1176 item
1237 1088 1525 1176 sabbato
1573 1111 1637 1173 in
1686 1110 1978 1173 crastino
2026 1132 2074 1173 5.
2124 1110 2307 1174 Petri
2371 1111 2457 1173 ad
2504 1064 2772 1173 vincula
2838 1110 2995 1195 (2s8)
3062 1131 3183 1192 pro
3248 1109 3588 1195 gnunphis
3652 1092 3738 1172 ad
3804 1107 4241 1173 reformanda

1030 1220 1316 1285 tentoria
1361 1218 1616 1302 regalia
1661 1218 1838 1281 circa
1884 1218 2122 1281 domas
2168 1218 2381 1280 dictas
2418 1215 2624 1302 galky
2671 1217 2774 1280 III
2820 1237 2911 1286 50.

1031 1327 1190 1391 item
1234 1345 1358 1409 pro
1406 1326 1662 1408 pictura
1708 1326 2160 1407 predictarum
2208 1311 2563 1388 domarum
2610 1323 2643 1385 I
2688 1324 2835 1389 fert.

1031 1434 1191 1497 item
1237 1454 1361 1515 pro
1407 1432 1721 1514 expensis
1767 1432 2187 1514 precedentis
2233 1432 2605 1515 septimane
2652 1433 2789 1495 dno
2828 1432 3265 1516 Heynczconi
3301 1431 3865 1499 vicethezaurario
3902 1450 4056 1495 cum
4096 1450 4238 1493 sar-

1032 1542 1287 1606 toribus
1335 1551 1404 1604 et
1447 1540 1698 1604 familia
1743 1539 1857 1604 dni
1905 1540 2127 1625 Regis
2174 1540 2240 1601 II
2289 1559 2488 1603 marc.
2533 1538 2645 1603 IX
2691 1560 2779 1609 se.
2828 1539 2861 1602 I
2908 1560 3007 1623 gr.
3054 1539 3156 1602 IV
3203 1542 3353 1604 den.

1032 1650 1192 1713 item
1238 1648 1575 1712 dominico
1621 1648 1730 1711 die
1775 1647 2083 1729 proxime
2139 1647 2445 1729 sequenti
2502 1648 2659 1730 (3l8)
2725 1668 2847 1731 pro
2912 1647 3227 1731 expensis
3293 1649 3425 1727 dne
3492 1646 3765 1730 Regine
3829 1645 4239 1719 ordinandiS,

1027 1777 1188 1825 cum
1226 1754 1563 1819 defecerat
1609 1755 1677 1817 in
1725 1754 2053 1838 peccunia
2098 1756 2184 1817 ad
2230 1754 2587 1836 prandium
2638 1736 2739 1817 III
2788 1775 2990 1837 marc.

1032 1864 1190 1927 item
1238 1862 1574 1927 Petrassio
1621 1862 1802 1926 dicto
1853 1862 2046 1927 Koth
2092 1861 2181 1925 ad
2228 1862 2619 1926 mandatum
2671 1864 2785 1926 dni
2832 1863 3054 1946 Regis
3100 1862 3202 1926 VI
3250 1882 3449 1926 mare.

1033 1973 1192 2034 item
1241 1969 1604 2054 Grzymale
1651 1970 1990 2054 terrigene
2035 1969 2446 2033 Dobrinensi
2491 1970 2576 2033 ad
2626 1971 3019 2053 mandatum
3068 1970 3183 2034 dni
3231 1970 3453 2055 Regis
3498 1968 3601 2032 IV
3648 1989 3851 2034 marc.

1033 2080 1193 2142 item
1242 2079 1568 2153 Rutheno
1615 2076 1913 2153 cirotifici
1960 2077 2183 2162 Regis
2228 2098 2351 2159 pro
2372 2070 2377 2073 ’
2399 2086 2554 2141 cute
2619 2079 2703 2141 ad
2770 2079 3105 2159 parandos
3151 2098 3505 2141 cormanos
3560 2079 3696 2142 dno
3744 2076 3929 2161 Regi
3997 2076 4099 2139 IV
4146 2096 4242 2138 se.

1034 2187 1194 2250 item
1242 2206 1364 2270 pro
1411 2184 1896 2248 reformacione
1940 2185 2188 2267 patelle
2225 2193 2303 2259 ,et
2348 2185 2630 2248 ollarum
2680 2184 2965 2270 coquine
3011 2185 3126 2249 dni
3173 2185 3395 2269 Regis
3440 2184 3542 2247 IV
3588 2206 3677 2248 50.

1033 2294 1195 2358 item
1243 2293 1407 2356 feria
1451 2292 1555 2355 III
1602 2291 1760 2376 (5s8)
1806 2312 1928 2375 pro
1975 2293 2043 2354 II
2081 2291 2355 2355 tecturis
2390 2311 2593 2374 super
2628 2292 2841 2367 sellas,
2880 2292 3073 2355 dictis
3108 2292 3433 2377 pokrowy,
3469 2312 3595 2374 pro
3614 2294 3769 2357 -dno
3806 2293 4011 2375 Rege
4047 2289 4245 2354 factis

1047 2402 1109 2481 11ιζ
1173 2421 1370 2465 marc.
2913 2432 2919 2441 .

1249 2506 1532 2573 Summa
1579 2506 1792 2574 XVII
1839 2490 2041 2571 marc.
2089 2506 2197 2569 XI
2244 2526 2333 2570 se.
2383 2506 2413 2569 Ι
2456 2528 2561 2593 gr.
2607 2506 2708 2568 IV
2755 2508 2903 2571 den.

1247 2616 1419 2679 Item
1467 2635 1590 2698 pro
1636 2634 1851 2690 curru,
1898 2614 1963 2677 in
2013 2634 2148 2697 quo
2195 2614 2431 2677 baliste
2479 2614 2680 2679 ducte
2726 2626 2884 2678 sunt
2928 2635 3163 2679 versus
3210 2614 3513 2679 Wilnam
3562 2636 3681 2698 per
3727 2616 3937 2679 dnum
4010 2616 4241 2694 Ianus-

1034 2724 1242 2788 szium
1284 2724 1410 2804 (de)
1456 2723 1864 2811 Smogorzow
1911 2723 2253 2795 heredem,
2301 2723 2388 2806 ad
2435 2722 2827 2805 mandatum
2875 2722 2991 2785 dni
3039 2722 3263 2807 Regis
3308 2722 3347 2807 I·
3388 2742 3591 2787 marc.
3630 2722 3734 2785 ΙΙΙ
3772 2721 3919 2787 fert.

1036 2833 1195 2897 item
1243 2852 1366 2913 pro
1415 2832 1472 2894 L
1519 2830 1690 2893 vlnis
1737 2830 1870 2893 tele
1917 2830 2122 2893 crude
2170 2831 2256 2892 ad
2303 2830 2815 2893 subducendum
2862 2830 3221 2893 tentorium
3271 2831 3519 2913 regale,
3574 2829 3959 2913 recipiendo
4004 2849 4243 2913 quam-

1035 2939 1199 3003 libet
1243 2939 1472 3002 vlnam
1519 2958 1641 3021 per
1685 2937 1718 2999 I
1765 2958 1866 3020 gr.
1913 2947 1981 2999 et
2017 2936 2120 2999 III
2165 2938 2318 3000 den.
2364 2956 2628 3000 summa
2672 2936 2831 3001 facit
2876 2937 2908 3000 I
2955 2957 3153 3001 mare.
3202 2937 3340 3000 VII
3387 2957 3476 3001 sc.
3524 2936 3626 3000 IV
3673 2948 3884 3021 quart.

1033 3047 1191 3109 item
1213 3066 1361 3128 ,pro
1406 3044 1562 3108 feno
1610 3044 1798 3127 equis
1843 3044 1959 3107 dni
2004 3043 2226 3128 Regis
2260 3045 2360 3107 ad
2407 3045 2745 3107 stabulum
2812 3044 2885 3107 in
2922 3055 3194 3133 ¹castr0,
3257 3045 3415 3128 quia
3478 3054 3639 3109 tunc
3704 3066 3745 3108 a
3808 3053 4243 3129 procuratore

1038 3152 1335 3236 generali
1382 3153 1614 3216 datum
1666 3171 1798 3214 non
1847 3150 1986 3225 fuit,
2032 3151 2065 3213 I
2111 3149 2256 3213 fert.

1034 3262 1196 3324 item
1245 3280 1368 3341 pro
1413 3258 1658 3342 sportis
1705 3260 1793 3324 ad
1839 3279 2071 3323 currus
2117 3258 2413 3321 thezauri
2478 3278 2598 3341 per
2662 3258 3211 3333 Marszalconem,
3277 3259 3675 3343 magistrum
3731 3269 4079 3323 vectorum
4136 3279 4235 3322 re-

987 3438 1004 3445 „
1036 3368 1291 3453 galium
1339 3366 1441 3430 IV
1492 3388 1582 3432 50.

1033 3476 1194 3539 item
1239 3495 1362 3558 pro
1409 3474 1686 3538 cussinis
1742 3493 1942 3556 super
2006 3473 2075 3537 II
2138 3474 2338 3537 sellas
2401 3473 2515 3536 dni
2581 3474 2802 3558 Regis
2868 3484 2935 3537 et
2998 3494 3121 3555 pro
3186 3474 3331 3536 aliis
3395 3474 3768 3537 attinenciis
3827 3475 3915 3538 ad
3972 3476 4245 3539 easdem

984 3651 1004 3661 ,,
1060 3584 1123 3666 ¹l2
1150 3658 1152 3661 y
1184 3603 1384 3648 marc.

1035 3692 1195 3755 item
1243 3712 1382 3773 pro
1411 3690 1572 3753 rotis
1619 3689 1707 3752 ad
1753 3708 1986 3752 currus
2040 3688 2307 3771 regales
2370 3708 2490 3771 per
2555 3688 3105 3763 Marszalconem,
3170 3689 3569 3773 magistrum
3634 3699 3985 3755 vectorum
4052 3710 4247 3775 rega-

1038 3800 1199 3863 lium
1259 3800 1323 3879 ¹l2
1382 3818 1614 3881 sexag.

1039 3907 1198 3970 item
1248 3906 1570 3979 BohemO,
1618 3904 1732 3989 qui
1780 3914 2059 3967 venerat
2105 3906 2189 3969 ad
2238 3904 2663 3967 seruiendum
2712 3904 2849 3967 dno
2898 3878 3101 3988 Regi,
3147 3906 3331 3987 quod
3377 3904 3536 3969 dum
3587 3914 3939 3987 acceptare
4000 3906 4241 3969 noluis-

1039 4025 1160 4087 set,
1207 4014 1292 4077 ad
1341 4014 1737 4077 mandatum
1785 4012 1901 4076 dni
1947 4010 2168 4095 Regis
2215 4032 2339 4095 pro
2385 4011 2701 4093 expensis
2748 4011 3049 4074 eiusdem
3096 4011 3163 4073 V
3211 4032 3413 4075 marc„

989 4204 1000 4210 -
1038 4122 1197 4184 item
1238 4122 1470 4203 Jezoni
1518 4118 1895 4183 vexillifero
1941 4118 2378 4183 Mazowiensi
2425 4120 2511 4182 ad
2560 4120 2954 4182 mandatum
3001 4118 3117 4181 dni
3165 4119 3384 4202 Regis
3434 4118 3603 4181 VIII
3652 4140 3852 4184 mare.

1039 4230 1197 4292 item
1248 4227 1620 4292 Panaszoni
1666 4227 2036 4289 balneatori
2101 4226 2216 4290 dni
2281 4226 2505 4310 Regis
2568 4245 2691 4307 pro
2756 4224 2884 4288 filis
2950 4226 3036 4289 ad
3102 4227 3565 4289 consuendum
3630 4227 3925 4290 cortinas
3979 4228 4047 4291 in
4104 4230 4243 4291 bal-

1040 4356 1170 4400 neo
1217 4335 1250 4397 I
1297 4356 1386 4399 50.

1038 4444 1197 4506 item
1245 4463 1370 4525 pro
1416 4413 1879 4506 subselacione
1926 4440 2142 4504 eidem
2190 4440 2561 4503 balneatori
2607 4460 2955 4503 ocrearum
3005 4439 3109 4502 III
3157 4462 3254 4524 gr.

1039 4552 1198 4615 item
1270 4550 1434 4613 feria
1479 4549 1581 4611 IV
1648 4548 1953 4631 sequenti
2017 4548 2082 4610 in
2150 4548 2438 4611 crastino
2504 4568 2553 4611 5.
2617 4547 2951 4611 Dominici
3016 4547 3413 4611 confessoris
3478 4548 3635 4633 (6s8)
3701 4548 4049 4614 Staszconi
4110 4548 4245 4613 filio

1041 4658 1324 4721 Nemste
1369 4677 1494 4739 pro
1540 4656 1745 4721 lorica
1792 4654 1893 4717 III
1943 4676 2141 4717 marc.
2310 4712 2315 4715 .

1255 4764 1539 4829 Summa
1585 4762 1736 4827 XX
1786 4781 1986 4825 mare.
2031 4759 2248 4824 XVII
2292 4781 2383 4825 sc.
2441 4762 2504 4841 ¹,l2
2564 4782 2664 4847 gr.

1129 4934 1136 4942 ,
1257 4872 1428 4935 Item
1479 4871 1692 4934 eidem
1744 4889 1868 4952 pro
1914 4868 2170 4942 balista,
2218 4870 2491 4952 cingulo
2538 4879 2605 4932 et
2650 4867 2898 4932 faretra
2932 4870 3047 4941 ‚ad
3113 4871 3505 4934 mandatum
3572 4870 3687 4934 dni
3744 4872 3967 4957 Regis
4012 4873 4245 4936 vocale

1041 4979 1152 5064 I¹l²
1212 4999 1414 5043 mare.

1041 5089 1198 5151 item
1247 5107 1372 5169 pro
1420 5084 1486 5148 II
1533 5082 1738 5147 tafftis
1785 5083 1954 5146 albis
2001 5083 2087 5146 ad
2135 5104 2413 5167 yaccam
2456 5084 2568 5147 dni
2618 5084 2855 5168 Regis,
2902 5084 2968 5145 in
3008 5105 3143 5166 qua
3178 5086 3605 5150 solummodo
3642 5085 3833 5149 taffte
3871 5087 4023 5152 loco
4059 5090 4247 5151 bom-

1041 5195 1206 5259 bicis
1253 5203 1406 5256 sunt
1450 5192 1684 5274 posite,
1731 5190 2100 5273 quamlibet
2145 5190 2404 5254 tafftam
2452 5212 2571 5273 per
2618 5190 2684 5252 V
2723 5211 2923 5254 mare.
2971 5191 3368 5273 recipiendO,
3416 5214 3681 5257 summa
3734 5193 3893 5258 facit
3932 5194 4009 5257 X
4047 5216 4247 5259 marc.

1041 5305 1201 5366 item
1246 5322 1372 5384 pro
1419 5300 1520 5363 III
1569 5298 1793 5373 mitriS,
1841 5318 1976 5361 vna
2012 5298 2232 5381 grisea
2271 5307 2340 5360 et
2377 5299 2639 5361 duabus
2677 5298 2901 5383 nigris,
2941 5318 3225 5381 quarum
3263 5301 3394 5362 due
3432 5321 3552 5383 per
3590 5300 3702 5389 III·
3728 5300 3872 5366 fert.
3928 5313 3999 5367 et
4045 5304 4250 5367 tercia

1041 5430 1165 5493 per
1209 5408 1424 5472 XVII
1474 5427 1573 5492 gr.
1620 5425 1884 5472 summa
1929 5404 2085 5468 facit
2134 5406 2165 5467 I
2211 5426 2413 5469 marc.
2460 5406 2613 5467 XX
2660 5426 2748 5469 50.
2796 5426 2949 5468 cum
2998 5406 3031 5469 I
3078 5426 3178 5489 gr.

1043 5518 1202 5581 item
1249 5537 1373 5599 pro
1419 5514 1548 5577 filis
1594 5513 1681 5576 ad
1727 5513 2114 5577 consuenda
2161 5493 2447 5575 tentoria
2494 5513 2561 5575 II
2607 5534 2696 5578 50.

1042 5626 1203 5690 item
1250 5645 1372 5708 pro
1419 5619 1740 5707 gumphis
1787 5622 1874 5684 ad
1921 5620 2157 5684 domas
2201 5603 2637 5683 tentoriorum
2678 5619 2821 5701 V1J,
2878 5641 2971 5685 50.
