4592 6559
1126 505 1164 560 4
1814 494 2197 558 REJESTRA
2249 492 2762 553 PODRZECTWA
2811 490 3496 541 NIEPOLOMSKIEGO.
3557 484 3738 556 1389.

1126 696 1340 759 diem:
1389 716 1623 758 carnes
1670 698 1852 777 prius
1901 704 2144 777 ernpte,
2194 695 2441 766 caules,
2491 692 2697 775 panis,
2747 692 3030 755 ceruisia
3077 702 3146 754 et
3215 690 3346 753 alia
3415 689 3640 753 omnia
3705 690 3976 754 fuerunt
4043 692 4326 773 propria,

1126 824 1249 885 pro
1296 802 1361 863 V
1408 802 1607 885 pullis
1652 801 1755 869 III
1802 822 1903 887 gr.
1949 802 2085 864 Pro
2131 801 2324 883 equis
2369 800 2436 863 11
2485 818 2694 863 mens,
2743 818 2977 863 auene.

1340 909 1626 975 Summa
1672 908 1823 993 dieij
1871 908 1976 973 III
2023 930 2123 993 gr.
2170 928 2387 973 auene
2432 907 2502 971 11
2549 926 2879 971 mensure.

1340 1017 1538 1080 Feria
1584 1017 1792 1080 tercia
1838 1016 1995 1099 (5s1)
2042 1016 2318 1079 domino
2379 1014 2794 1098 procuratori
2842 1024 2911 1077 et
2957 1013 3522 1096 viceprocuratori
3567 1032 3724 1077 curn
3791 1013 4042 1078 familia
4088 1016 4179 1078 ad
4228 1025 4328 1077 to-

1126 1136 1267 1194 tam
1315 1124 1519 1187 diem:
1570 1144 1807 1187 carnes
1855 1124 2037 1206 prius
2108 1134 2353 1206 empte,
2400 1122 2566 1206 pulli
2632 1133 2701 1185 et
2745 1121 2986 1204 pisum,
3053 1120 3306 1183 milium
3377 1130 3446 1183 et
3510 1121 3641 1183 alia
3707 1120 3978 1185 fuerunt
4024 1123 4331 1205 propria;

1127 1252 1250 1314 pro
1298 1252 1433 1295 uno
1479 1251 1685 1314 porco
1732 1231 1892 1293 viuo
1937 1230 2049 1293 IX
2093 1241 2258 1293 scot.
2298 1230 2330 1293 I
2371 1252 2472 1314 gr.
2512 1250 2635 1313 pro
2684 1228 3000 1311 expensis
3045 1227 3295 1291 familie
3343 1228 3700 1291 castrensis
3747 1238 3816 1291 et
3862 1228 4137 1293 domino
4173 1250 4330 1312 pro-

1129 1338 1435 1403 curatori.
1481 1339 1615 1401 Pro
1663 1338 1851 1420 equis
1899 1336 1967 1401 II
2014 1358 2329 1401 mensure
2376 1357 2610 1401 auene.

1344 1444 1630 1510 Summa
1676 1445 1825 1528 dieij
1876 1445 1988 1508 IX
2034 1454 2197 1508 scot.
2244 1445 2277 1507 I
2327 1464 2426 1529 gr.
2474 1464 2690 1510 auene
2736 1443 2804 1505 II
2851 1462 3181 1506 mensure.

1347 1552 1544 1617 Feria
1589 1563 1830 1635 quarta
1875 1552 1983 1615 die
2030 1552 2407 1635 Epiphanie
2447 1552 2606 1635 (osi)
2653 1550 2927 1614 domino
2972 1551 3388 1633 procuratori
3436 1570 3588 1613 eum
3637 1551 4220 1634 vice-procuratore
4261 1562 4334 1614 et

1132 1661 1386 1725 familia
1432 1660 1769 1743 ipsorum:
1815 1682 1938 1743 pro
1984 1660 2279 1743 piscibus
2326 1659 2430 1722 III
2478 1679 2577 1743 gr.
2644 1678 2765 1741 pro
2814 1658 3137 1720 allecibus
3183 1658 3216 1720 Ι
3263 1668 3426 1721 scot.
3498 1670 3566 1721 et
3613 1659 3743 1722 alia
3789 1660 4018 1722 omnia
4062 1660 4335 1743 propria

1133 1782 1341 1844 erant,
1389 1766 1581 1851 panis
1628 1778 1698 1829 et
1744 1767 2028 1831 ceruisia
2074 1768 2159 1829 de
2204 1766 2625 1829 molendinis.
2674 1766 2806 1828 Pro
2855 1764 3046 1847 equis
3092 1764 3160 1827 II
3209 1784 3415 1827 mens,
3465 1786 3702 1829 aucne.

1346 1874 1632 1939 Summa
1678 1874 1827 1959 dieij
1878 1874 1946 1937 V
1994 1894 2095 1959 gr.
2142 1894 2362 1936 auene
2408 1873 2477 1936 II
2523 1892 2854 1935 mensure.

1347 1984 1544 2046 Feria
1590 1982 1826 2065 quinta
1872 1986 1927 2063 (7
1936 1982 1967 2064 s
1979 1985 2031 2063 1)
2078 1982 2354 2045 domino
2402 1980 2816 2063 procuratori
2886 1990 2954 2041 et
3002 1980 3568 2061 viceprocuratori
3635 2002 3790 2043 cum
3859 1982 4142 2045 familia:
4193 2004 4334 2045 car-

1132 2112 1255 2153 nes
1301 2090 1485 2173 prius
1532 2100 1777 2173 empto,
1826 2091 2055 2153 caules
2103 2100 2171 2152 et
2217 2090 2445 2151 omnia
2490 2088 2762 2151 fuerunt
2801 2088 3083 2171 propria,
3132 2088 3324 2169 panis
3363 2100 3430 2150 et
3467 2089 3750 2151 ceruisia
3788 2092 3873 2153 de
3913 2092 4334 2153 molendinis,

1134 2199 1267 2261 Pro
1315 2198 1505 2281 equis
1551 2197 1619 2260 II
1665 2217 1875 2261 menS.
1924 2218 2158 2262 auene.

1348 2306 1634 2369 Summa
1680 2305 1830 2388 dieij
1880 2324 2098 2367 auene
2146 2304 2214 2367 II
2263 2324 2595 2367 mensure.

1349 2412 1544 2475 Feria
1590 2424 1785 2475 sexta
1834 2412 1991 2495 (8s1)
2038 2412 2312 2475 domino
2359 2412 2772 2494 procuratori
2810 2422 2880 2473 et
2921 2410 3479 2492 viceprocuratori
3529 2432 3684 2474 curn
3733 2410 3982 2477 familia
4028 2415 4332 2495 ipsorum

1138 2522 1227 2583 ad
1274 2520 1667 2603 prandium:
1738 2540 1859 2602 pro
1906 2520 2200 2601 piscibus
2264 2528 2333 2581 et
2397 2520 2721 2583 allecibus
2767 2518 2835 2579 V
2885 2539 2982 2601 gr.
3031 2518 3267 2601 pisum,
3329 2519 3619 2591 mileum,
3693 2540 3991 2601 papauer
4065 2531 4134 2582 et
4207 2522 4338 2584 alia

1136 2627 1407 2691 fuerunt
1452 2628 1737 2710 propria,
1785 2628 1977 2710 panis
2024 2639 2093 2691 et
2139 2628 2421 2690 ceruisia
2467 2629 2552 2690 de
2603 2626 3017 2689 molendinis.
3069 2628 3199 2689 Pro
3247 2626 3437 2708 equis
3485 2627 3553 2689 II
3599 2644 3914 2690 mensure
3961 2648 4198 2693 auene.

1348 2733 1635 2797 Summa
1680 2733 1831 2818 dieij
1884 2735 1949 2797 V
1997 2755 2096 2819 gr.
2144 2754 2362 2797 auene
2411 2736 2478 2797 II
2527 2754 2858 2797 mensure.

1350 2839 1657 2905 Sabbato
1705 2842 1864 2923 (oli)
1912 2842 2185 2905 domino
2232 2842 2650 2923 procuratori
2714 2853 2780 2903 et
2845 2841 3412 2923 viceprocuratori
3482 2862 3633 2904 cum
3705 2842 3954 2905 familia
4019 2864 4140 2925 pro
4190 2856 4334 2907 tota

1137 2951 1272 3012 die:
1320 2969 1444 3033 pro
1489 2949 1783 3031 piscibus
1831 2960 1899 3012 et
1944 2950 2269 3013 allecibus
2317 2948 2384 3010 V
2431 2969 2531 3033 gr.
2579 2949 2770 3031 panis
2837 2960 2904 3011 et
2953 2948 3234 3011 ceruisia
3281 2950 3368 3010 de
3417 2949 3830 3023 molendiniS‚
3883 2960 3952 3013 et
3999 2952 4128 3015 alia
4195 2952 4337 3014 fue-

1140 3069 1295 3120 runt
1343 3057 1625 3140 propria.
1674 3058 1809 3120 Pro
1856 3056 2049 3139 equis
2094 3057 2162 3119 II
2213 3076 2419 3119 mens.
2467 3077 2703 3120 auene.

1354 3164 1487 3227 Pro
1534 3164 1849 3247 expensis
1896 3164 2197 3227 Iaszconi
2247 3163 2710 3246 Philipowsky
2749 3165 2832 3225 ad
2873 3163 3221 3226 dominum
3271 3162 3546 3246 Regem
3596 3184 3831 3226 versus
3879 3166 4334 3246 Lythuaniam

1138 3272 1205 3334 in
1254 3270 1453 3334 certis
1500 3271 1965 3355 legacionibus
2012 3271 2263 3333 domini
2311 3270 2534 3355 Regis
2581 3272 2669 3333 ad
2716 3271 2922 3353 ipsius
2969 3271 3392 3333 Maiestatem
3446 3272 3770 3353 equitanti
3817 3272 3954 3335 IIII
4003 3294 4206 3337 marc,

1356 3378 1611 3441 Iterum
1678 3380 1765 3441 de
1812 3377 1913 3441 VI
1980 3378 2314 3461 lapidibus
2387 3378 2529 3461 sepi
2603 3378 2858 3441 lumina
2927 3388 3084 3441 sunt
3157 3388 3392 3459 parata
3466 3398 3588 3459 pro
3663 3392 3990 3461 apparatu
4067 3379 4337 3445 domine

1142 3486 1438 3571 Regine.

1353 3592 1637 3657 Summa
1682 3592 1833 3677 dieij
1881 3592 2020 3656 IIII
2068 3612 2269 3655 marc.
2324 3591 2384 3653 V
2433 3612 2532 3677 gr.
2580 3612 2797 3655 auene
2844 3592 2910 3655 II
2958 3612 3286 3654 mensure.

1355 3700 1639 3763 Summa
1686 3700 2063 3783 septimane
2111 3699 2249 3763 IIII
2297 3719 2464 3762 mar.
2513 3699 2770 3762 XXIII
2817 3709 2980 3762 scot.
3028 3698 3060 3761 I
3108 3720 3208 3782 gr.
3256 3720 3472 3761 auene
3519 3700 3734 3763 XIIII
3785 3720 4118 3764 mensure.

1357 3806 1716 3871 Dominica
1771 3806 1851 3870 In
1918 3809 2191 3870 excelso
2258 3818 2454 3870 trono
2521 3808 2722 3889 (toli)
2788 3806 3064 3869 domina
3129 3806 3406 3889 Regina
3473 3808 3559 3869 de
3623 3808 4010 3892 Stanantky
4073 3830 4338 3873 summo

1140 3936 1340 3979 mane
1389 3916 1477 3977 ad
1522 3915 1877 3997 prandium
1922 3914 1989 3977 in
2038 3912 2494 3997 Nepolomzkse
2541 3914 2742 3977 venit.
2801 3914 2920 3976 Ad
2966 3914 3318 3996 prandium
3367 3914 3639 3977 domine
3687 3915 3964 3999 Regine
4013 3936 4166 3979 cum
4218 3938 4338 3979 sua

1142 4024 1361 4085 curia:
1408 4043 1532 4105 pro
1578 4043 1714 4085 una
1760 4042 1971 4085 vacca
2016 4022 2173 4086 viua
2222 4021 2364 4084 XV
2411 4032 2573 4085 scot.
2622 4022 2654 4084 Ι
2702 4042 2801 4106 gr.
2872 4042 2994 4104 pro
3042 4042 3176 4083 uno
3223 4042 3428 4103 porco
3495 4021 3604 4085 XI
3651 4034 3814 4085 scot.
3874 4023 3906 4085 Ι
3955 4036 4170 4106 quart.
4219 4045 4336 4107 pro

1140 4130 1275 4193 XL
1320 4130 1517 4212 pullis
1564 4128 1709 4193 XII
1754 4138 1917 4192 scot.
1965 4128 2068 4192 III
2115 4140 2328 4212 quart.
2375 4148 2498 4211 pro
2535 4129 2710 4192 VIII
2756 4128 3144 4211 pardicibus
3185 4127 3248 4187 V
3289 4149 3386 4211 gr.
3427 4148 3548 4211 pro
3600 4129 3666 4191 II
3705 4130 3968 4213 sugillis
4017 4130 4082 4191 V
4121 4142 4333 4214 quart.

1140 4258 1263 4321 pro
1309 4237 1449 4301 IIII
1496 4236 1835 4319 leporibus
1883 4235 2020 4299 V11
2067 4246 2231 4299 scot.
2278 4256 2400 4319 pro
2447 4256 2707 4319 synape
2754 4234 2830 4320 ¹s2
2873 4256 2971 4318 gr.
3010 4256 3132 4318 pro
3171 4236 3393 4298 butiro
3443 4235 3510 4298 V
3557 4257 3657 4320 gr.
3703 4256 3824 4319 pro
3875 4250 4144 4301 centum
4189 4240 4334 4301 ovis

1140 4343 1209 4407 V
1255 4365 1355 4429 gr.
1400 4364 1524 4426 pro
1570 4343 1602 4405 Ι
1650 4345 1857 4407 choro
1923 4344 2047 4426 pisi
2095 4342 2161 4403 V
2208 4364 2311 4427 gr.
2375 4364 2496 4425 pro
2562 4343 2775 4406 caseis
2840 4342 3015 4405 VIII
3081 4341 3116 4404 I
3181 4354 3344 4406 scot.
3412 4342 3548 4405 IIII
3619 4345 3769 4407 den.
3835 4366 3958 4427 pro
4025 4346 4092 4409 ΙΙ
4157 4347 4338 4410 libris

1140 4470 1387 4515 manne
1432 4450 1501 4512 V
1548 4461 1763 4533 quart.
1810 4472 1931 4534 pro
1999 4453 2175 4515 lacte
2224 4463 2291 4513 et
2340 4470 2567 4513 crema
2612 4450 2680 4513 II
2729 4463 2893 4513 scot.
2961 4450 2992 4512 I
3039 4460 3253 4531 quart.
3318 4469 3439 4532 pro
3487 4450 3555 4512 ΙΙ
3625 4452 3845 4514 choris
3911 4451 4124 4516 farine
4190 4455 4340 4517 albe

1141 4558 1279 4622 VII
1326 4570 1491 4622 scot.
1538 4558 1571 4621 I
1619 4570 1832 4641 quart.
1880 4579 2002 4641 pro
2051 4559 2081 4619 I
2129 4560 2378 4642 lagena
2446 4558 2620 4620 aceti
2683 4558 2750 4619 in
2820 4555 3146 4621 Welz'czka
3191 4556 3294 4620 III
3359 4570 3571 4639 quart.
3617 4579 3740 4641 pro
3808 4559 3838 4621 Ι
3887 4562 4094 4623 choro
4161 4560 4338 4624 milei

1141 4666 1278 4729 VII
1325 4688 1425 4751 gr.

1354 4773 1476 4836 Ad
1523 4773 2035 4836 distribuciones
2086 4774 2266 4836 curie
2313 4774 2587 4837 domine
2635 4772 2912 4857 Regine
2961 4784 3028 4835 et
3075 4774 3290 4855 primo
3339 4774 3586 4836 familie
3633 4775 3906 4837 domine
3954 4775 4335 4858 capitanee:

1142 4902 1263 4963 pro
1312 4880 1413 4942 VI
1461 4880 1659 4963 pullis
1706 4880 1774 4944 II
1820 4891 1981 4943 scot.
2032 4891 2100 4943 et
2147 4880 2275 4942 alia
2323 4882 2410 4942 de
2457 4880 2746 4961 coquina
2792 4880 3062 4942 domine
3110 4879 3386 4963 Regine
3433 4880 3706 4944 fuerunt
3753 4894 4156 4964 presentata.

1357 4988 1638 5051 Familie
1685 4987 1936 5081 domini
1986 4988 2352 5051 Kelczonis
2394 4999 2462 5050 et
2500 4987 2754 5051 domini
2791 4986 3126 5070 Stanislaij
3179 4989 3464 5051 condam
3507 4988 3928 5053 Wislicensis
3967 4990 4336 5054 castellani:

1141 5116 1263 5179 pro
1311 5094 1485 5157 VIII
1530 5095 1729 5177 pullis
1777 5093 1844 5156 V
1891 5116 1993 5178 gr.

1355 5202 1477 5267 Ad
1524 5222 1760 5265 cenam
1810 5204 2081 5265 domine
2144 5204 2419 5287 Regine
2487 5224 2638 5266 curn
2710 5204 2852 5265 eius
2918 5206 3132 5267 curia:
3199 5226 3321 5286 pro
3369 5205 3402 5267 I
3449 5224 3654 5286 porco
3711 5205 3812 5266 xl
3859 5216 4024 5267 scot.
4071 5226 4192 5287 pro
4239 5204 4336 5267 ΙΙΙ
4386 5241 4392 5247 -

1142 5311 1484 5393 leporibus
1530 5309 1598 5371 V
1646 5323 1809 5373 scot.
1858 5310 1889 5373 I
1937 5318 2151 5392 quart.
2220 5330 2342 5391 pro
2391 5310 2524 5372 XL
2571 5312 2767 5392 pullis
2837 5310 3068 5396 X11¹J2
3119 5325 3281 5374 scot.
3351 5332 3470 5393 pro
3539 5311 3706 5374 VIII
3775 5312 4158 5393 pardicibus
4207 5310 4334 5373 VII

1142 5431 1307 5481 scot.
1354 5418 1386 5480 Ι
1433 5429 1647 5500 quart.
1713 5438 1835 5499 pro
1900 5417 2162 5501 sugillis
2227 5418 2331 5481 III
2398 5438 2495 5502 gr.
2553 5440 2676 5500 pro
2745 5418 2844 5480 VI
2911 5420 3124 5481 caseis
3171 5420 3204 5481 Ι
3251 5440 3350 5503 gr.
3401 5418 3544 5481 XII
3610 5420 3759 5481 den.
3827 5441 3950 5501 pro
4018 5420 4129 5483 CL
4195 5419 4334 5482 ovis

1143 5524 1366 5611 VII¹s²
1409 5546 1509 5609 gr.
1547 5546 1668 5607 pro
1708 5526 1927 5588 butiro
1966 5525 2033 5587 II
2072 5538 2235 5589 scot.
2278 5546 2400 5608 pro
2441 5526 2614 5587 lacte
2655 5537 2724 5587 et
2763 5547 2988 5587 crema
3029 5526 3092 5588 ΙΙ
3134 5538 3295 5588 scot.
3339 5538 3552 5607 quart.
3592 5548 3710 5607 pro
3757 5525 3834 5611 ¹s2
3875 5527 4122 5589 octuali
4171 5525 4334 5589 aceti

1144 5636 1229 5697 de
1298 5632 1621 5698 Welz'czka
1667 5632 1779 5696 IX
1826 5654 1923 5717 gr.
1992 5654 2111 5715 pro
2178 5633 2243 5695 II
2313 5632 2580 5695 talentis
2649 5654 2892 5695 manne
2961 5634 3022 5694 V
3075 5646 3287 5715 quart.
3355 5654 3475 5715 pro
3543 5634 3570 5695 I
3639 5637 3844 5696 choro
3912 5636 4064 5697 albe
4133 5622 4332 5697 farine
