4592 6559
1218 501 1596 566 REJES'J·RA
1643 501 2232 552 PODSKARBmGo
2279 501 2614 552 muczm.
2672 509 2791 569 139
2798 510 2855 570 5.
3512 514 3637 573 219

444 703 603 766 item
649 725 772 786 pro
819 705 1103 787 quartali
1151 705 1320 768 libra
1385 703 1574 766 serici
1639 702 1834 766 flauei
1901 713 1967 766 et
2032 703 2361 769 brunatici
2425 704 2510 767 ad
2578 707 3037 768 consuendum
3106 717 3430 770 tecturam
3481 710 3645 772 selle

445 813 576 874 dne
622 811 898 896 Regine
944 811 1263 896 Vngarie-
1298 811 1406 892 I¹s2
1466 831 1666 874 mare.

442 917 604 981 item
650 927 776 1001 pro'
833 919 896 1000 ¹l2
956 918 1123 981 libra
1167 917 1358 981 serici
1403 918 1581 1004 nigri
1637 918 1722 981 ad
1768 919 2208 1000 complendos
2234 918 2529 1003 francos
2590 919 2926 984 iaccarum
2974 921 3261 986 dnorum
3309 923 3531 1008 Regis
3577 932 3643 987 et

445 1025 728 1089 Witoldi
775 1026 876 1089 III
925 1046 1122 1089 mare.

444 1135 604 1197 item
650 1154 774 1216 pro
821 1134 1274 1197 subduecione
1323 1133 1546 1197 tunice
1593 1153 1926 1216 purpuree
1991 1133 2419 1198 Hanussonis
2486 1135 2868 1198 cubicularii
2934 1135 3049 1198 dni
3095 1136 3319 1220 Regis
3363 1137 3645 1221 propriis

443 1240 730 1324 pellibus
776 1240 968 1304 dictis
1019 1239 1308 1324 helyszny
1355 1240 1423 1302 II
1471 1260 1673 1304 marc.

444 1349 603 1412 item
651 1369 775 1430 pro
833 1349 1129 1430 caleptra
1194 1349 1371 1411 dicta
1426 1345 1780 1431 przelbz'cza
1844 1349 2000 1411 data
2056 1349 2345 1412 Iarando
2410 1348 2713 1412 familiari
2780 1351 2893 1414 dni
2960 1350 3184 1436 Regis
3248 1352 3335 1415 ad
3402 1371 3639 1416 vocem

443 1456 546 1520 ΠΙ
561 1456 622 1537 ¹l2
683 1475 882 1520 mare.

445 1563 604 1626 item
651 1562 817 1626 feria
862 1561 930 1622 V
976 1563 1287 1645 proxima
1345 1562 1500 1645 (4l2)
1567 1563 1857 1626 Hannus
1923 1563 2102 1626 Ilcus
2168 1563 2503 1626 aurifabro
2570 1584 2693 1645 pro
2755 1565 3113 1647 paracione
3159 1565 3313 1628 bine
3360 1567 3643 1630 scutelle

448 1691 694 1755 magne
741 1670 1329 1733 instrumentorum
1367 1667 1705 1754 yaszz'czky
1751 1670 2112 1752 duplicium
2165 1681 2232 1733 et
2278 1669 2673 1752 puklionum
2725 1672 2809 1735 ad
2859 1671 3254 1736 attinencias
3300 1674 3463 1736 selle
3511 1674 3643 1737 dne

446 1777 720 1862 Regine
765 1776 1069 1861 Vngarie
1114 1774 1335 1840 XXV
1383 1797 1582 1840 mare.

658 1883 942 1949 Summa
985 1883 1327 1948 XXXIX
1376 1904 1576 1947 mare.
1623 1883 1725 1946 III
1772 1883 1917 1947 fert.
1967 1883 2069 1946 ΙΙΙ
2117 1905 2216 1968 gr.

658 1992 828 2055 Item
878 1992 1203 2055 Hannusz
1252 1990 1396 2056 Sax
1445 1991 1780 2055 aurifabro
1827 2013 1948 2073 pro
1997 1992 2352 2075 paracione
2420 1993 2522 2055 IV
2570 2013 2934 2076 cupcorum
3000 2004 3479 2078 argenteorum
3531 1997 3642 2059 de·

445 2110 829 2163 auratorum
876 2099 986 2162 IX
1034 2119 1234 2163 marc.

443 2207 601 2270 item
652 2206 1014 2271 Cunczloni
1061 2206 1395 2271 aurifabro
1442 2228 1565 2288 pro
1611 2206 1966 2288 paracione
2013 2206 2081 2268 II
2128 2217 2533 2281 cantrorum,
2579 2207 2954 2289 puklonum
3001 2209 3068 2270 in
3115 2210 3441 2290 pretextis
3486 2211 3642 2274 seri·

443 2315 578 2379 ceis
625 2316 711 2378 ad
757 2313 950 2379 frena
995 2325 1064 2378 et
1110 2314 1502 2378 attinencias
1567 2316 1882 2377 sellarum
1930 2315 2066 2377 dno
2132 2315 2320 2398 Regi
2385 2324 2454 2378 et
2498 2316 2631 2377 dne
2697 2315 2972 2398 Regine
3036 2315 3339 2400 Vngarie
3404 2327 3473 2380 et
3518 2338 3643 2400 pro

444 2421 800 2504 paracione
829 2424 1154 2505 fernusze
1200 2433 1268 2486 et
1315 2441 1632 2486 naconcze
1687 2423 1775 2484 ad
1821 2422 2168 2505 cingulum
2235 2422 2595 2506 gladialem
2643 2422 2758 2484 dni
2824 2422 3046 2506 Regis
3094 2443 3356 2486 necnon
3403 2425 3641 2508 puklo·

443 2547 605 2592 num
653 2531 739 2593 ad
789 2529 992 2592 alium
1041 2530 1386 2614 cingulum
1434 2529 1924 2611 precinctorum
1974 2529 2180 2610 ipsius
2226 2529 2341 2592 dni
2380 2529 2604 2614 Regis
2640 2528 2837 2592 simul
2876 2549 2998 2612 pro
3036 2540 3180 2594 toto
3221 2531 3401 2594 XIII
3440 2552 3642 2596 marc.

443 2634 620 2699 XVI
667 2655 756 2700 se.

443 2745 602 2808 item
652 2743 926 2809 Swinde
968 2746 1254 2825 Johanni
1304 2745 1638 2808 aurifabro
1684 2765 1808 2826 pro
1856 2746 2209 2827 paracione
2255 2747 2330 2808 X
2378 2747 2825 2820 scutellarum,
2874 2747 3160 2809 duorum
3216 2745 3645 2810 flasculorum

443 2862 511 2915 et
557 2851 626 2914 ΙΙ
663 2872 1060 2935 cupconum,
1099 2873 1232 2935 que
1271 2851 1496 2915 omnia
1532 2852 1729 2915 simul
1767 2853 2233 2934 ponderabant
2269 2853 2401 2916 LX
2442 2873 2641 2916 marc.
2681 2853 2827 2936 puri
2868 2853 3135 2938 argenti
3174 2853 3403 2916 XXX
3440 2875 3645 2918 marc.

443 2958 600 3022 item
649 2959 1050 3023 Pachniclos
1096 2981 1219 3041 pro
1265 2960 1621 3044 paracione
1668 2959 2033 3040 duplicium
2082 2980 2305 3022 rerum
2353 2960 2493 3023 siue
2541 2961 3047 3024 attinenciarum
3096 2962 3181 3023 ad
3226 2962 3427 3024 sellas
3473 2972 3540 3024 et
3577 2963 3645 3024 ΙΙ

444 3065 786 3130 frenorum
833 3067 1085 3130 scilicet
1131 3068 1268 3130 dno
1333 3067 1521 3150 Regi
1589 3076 1656 3130 et
1718 3069 1852 3129 dne
1917 3067 2190 3150 Regine
2255 3065 2561 3151 Vngarie
2626 3087 2887 3132 necnon
2952 3068 3308 3151 paracione
3354 3069 3529 3132 aluei
3576 3079 3645 3133 et

442 3194 820 3257 cupconum
871 3175 1298 3258 antiquorum
1346 3174 1456 3237 XI
1505 3195 1704 3239 marc.

440 3281 596 3344 item
645 3281 940 3345 Martino
1006 3283 1314 3346 Bohemo
1379 3281 1718 3346 aurifabro
1783 3302 1906 3366 pro
1971 3283 2329 3365 paracione
2399 3282 2463 3344 ΙΙ
2529 3285 2907 3346 cubconum
2976 3293 3045 3347 et
3090 3283 3509 3347 instrumenti
3555 3285 3642 3348 de

441 3409 606 3452 auro
651 3410 820 3472 puro
869 3391 950 3453 ad
1002 3390 1298 3474 lingwas
1336 3391 1702 3454 draconum
1751 3388 1818 3451 V
1867 3410 2068 3454 marc.
2114 3391 2146 3453 Ι
2193 3389 2339 3454 fert.

439 3495 596 3558 item
645 3496 958 3560 Arnoldo
1005 3496 1339 3562 aurifabro
1385 3519 1506 3580 pro
1552 3499 1906 3581 paracione
1953 3499 2150 3560 vnius
2197 3499 2516 3562 cubconis
2563 3509 2631 3562 et
2676 3497 3155 3562 reformacione
3203 3502 3515 3584 pateruae
3560 3520 3639 3562 ac

438 3623 764 3667 cornuum
813 3604 1243 3687 antiquorum
1291 3605 1620 3688 regalium
1668 3603 1737 3667 II
1784 3624 1986 3668 mare.

439 3711 596 3774 item
647 3711 926 3775 Andree
974 3711 1311 3776 aurifabro
1357 3733 1481 3795 pro
1545 3713 1900 3793 paracione
1965 3713 2473 3776 attinenciarurn
2540 3715 2624 3776 ad
2690 3713 2925 3776 sellam
2974 3713 3087 3776 dni
3135 3714 3357 3798 Regis
3403 3715 3487 3777 de
3535 3735 3636 3778 ar·

438 3828 648 3901 gento
693 3820 1164 3882 deauratarum
1212 3829 1280 3882 et
1325 3819 1808 3883 reformacione
1856 3820 1887 3882 I
1937 3839 2142 3884 cornu
2192 3820 2329 3882 VII
2374 3819 2519 3884 fert.

437 3925 594 3988 item
643 3925 926 3990 Nicolao
972 3927 1455 4012 Munsterberg
1501 3926 1836 3990 aurifabro
1901 3948 2024 4009 pro
2089 3928 2445 4009 paracione
2511 3926 2612 3989 IV
2662 3925 3270 3992 dosthuclzanorum
3318 3937 3387 3993 et
3432 3928 3633 3992 refor-

437 4033 740 4096 macione
788 4033 819 4095 I
866 4033 1186 4098 cubconis
1231 4033 1486 4117 antiqui
1531 4033 1631 4096 IV
1681 4055 1880 4098 marc.

433 4141 590 4203 item
638 4138 917 4205 frenifici
963 4162 1086 4223 pro
1134 4140 1574 4224 octuplicibus
1639 4141 2010 4206 attinenciis
2057 4142 2373 4205 sellarum
2423 4152 2491 4204 et
2537 4162 2661 4224 pro
2708 4141 2880 4205 VIII
2926 4142 3131 4205 frenis
3175 4163 3300 4224 pro
3345 4163 3633 4226 persona

433 4248 547 4312 dni
595 4249 817 4332 Regis
862 4246 1034 4311 VIII
1081 4269 1290 4312 mares

645 4355 929 4421 Summa
975 4356 1365 4420 LXXXIV
1414 4377 1611 4421 mare.
1658 4357 1761 4420 IV
1807 4377 1896 4420 se.

643 4465 813 4527 Item
862 4485 986 4547 pro
1033 4464 1065 4528 1
1111 4465 1396 4527 stamine
1440 4464 1645 4547 panni
1693 4465 1866 4548 nigri
1923 4466 2008 4527 de
2066 4463 2398 4548 Gersperg
2459 4464 2709 4545 recepti
2774 4465 2857 4526 ad
2905 4462 3204 4527 Sandecz
3249 4485 3369 4547 pro
3416 4463 3627 4526 distri-

428 4573 735 4645 bucione,
783 4573 1028 4655 quibus
1074 4573 1247 4635 dnus
1294 4573 1456 4634 Rex
1505 4571 1939 4646 mandauerit,
1987 4572 2158 4634 VIII
2207 4591 2407 4636 marc.

425 4679 585 4742 item
634 4700 756 4762 pro
803 4680 860 4743 L
906 4679 1079 4742 vlnis
1125 4681 1258 4742 tele
1305 4680 1528 4741 albate
1573 4690 1841 4760 recepto
1889 4679 1952 4740 in
2001 4677 2301 4742 Sandecz
2346 4680 2435 4742 ad
2480 4678 3025 4752 convencionem,
3072 4679 3157 4740 de
3197 4699 3330 4761 qua
3377 4679 3625 4740 ibidem

425 4788 493 4849 in
539 4785 838 4850 Sandecz
883 4786 1057 4850 facte
1105 4797 1261 4850 sunt
1307 4788 1439 4849 due
1486 4787 1638 4850 albe
1686 4797 1753 4849 et
1799 4787 1922 4849 tria
1991 4785 2313 4850 mensalia
2358 4787 2601 4861 altariS,
2669 4785 3050 4868 recipiendo
3116 4787 3345 4848 vlnam
3391 4807 3513 4866 per
3559 4787 3626 4848 II

427 4915 526 4978 gr.
573 4914 838 4957 summa
885 4893 1042 4958 facit
1089 4893 1188 4956 IV
1238 4915 1438 4957 mare.
1487 4893 1660 4957 VIII
1708 4915 1807 4978 gr.

423 5003 582 5064 item
629 5002 836 5064 rasori
884 5022 1258 5083 pannorum
1307 5003 1374 5063 in
1423 5001 1747 5064 Cracouia
1812 5021 1935 5083 pro
1982 5021 2212 5063 rasura
2275 5001 2570 5082 ipsorum
2621 5021 2661 5063 a
2707 5000 3076 5063 Natiuitate
3124 4999 3364 5063 Christi
3410 5019 3624 5082 usque

425 5110 512 5172 ad
559 5107 1101 5191 Carnispriuium‚
1147 5110 1319 5173 sicut
1365 5109 1430 5170 in
1477 5109 1746 5172 racione
1810 5129 2038 5172 secum
2105 5107 2279 5171 facta
2326 5109 2675 5171 inuentum
2742 5119 2860 5184 est,
2907 5109 3009 5170 ΙΙΙ
3058 5127 3257 5170 mare.
3303 5106 3484 5170 XIII
3532 5127 3621 5170 se.

422 5216 523 5279 IV
571 5218 721 5282 den.

424 5325 584 5387 item
631 5345 754 5406 pro
801 5325 1014 5387 serico
1060 5325 1256 5409 nigro
1305 5335 1372 5388 et
1419 5323 1640 5408 griseo
1688 5333 1960 5405 recepto
2007 5325 2092 5386 ad
2140 5323 2319 5386 viam
2367 5324 2433 5386 in
2480 5322 2780 5388 Sandecz
2826 5343 2979 5387 cum
3018 5323 3381 5386 sartoribus
3425 5343 3618 5406 rega-

422 5431 598 5494 libus
644 5431 712 5493 II
759 5451 958 5495 marc,
1007 5431 1265 5495 XXIII
1311 5451 1402 5494 se.

421 5537 579 5602 item
627 5559 750 5623 pro
799 5537 865 5601 II
912 5538 1096 5603 libris
1146 5537 1398 5603 modcrz
1444 5538 1693 5622 recepti
1740 5537 1985 5601 ibidem
2034 5539 2098 5600 in
2145 5537 2447 5603 Sandecz
2494 5539 2731 5602 eodem
2781 5547 3085 5621 tempore
3146 5537 3207 5618 ¹s2
3266 5557 3463 5600 mare.
