4592 6559
1003 498 1126 558 214
1775 493 2154 557 REJESTRA
2203 493 2790 543 PODSKARBIEGO
2838 495 3171 544 HINCZKI.
3234 501 3409 562 1395.

991 712 1144 754 cum
1194 693 1566 756 sartoribus
1613 707 1678 755 et
1726 695 2113 758 vectoribus
2159 695 2519 779 regalibus
2568 693 2680 777 qui
2718 715 2950 758 currus
2988 698 3310 776 aptabant
3348 697 3435 758 ad
3473 696 3999 758 conuencionem
4039 717 4197 760 cum

991 819 1156 884 rege
1203 801 1505 885 Vngarie
1553 822 1673 883 per
1717 803 2188 884 precedentem
2237 803 2679 884 septimanam
2720 803 2827 882 1¹:¹2
2888 823 3086 866 mare.
3135 804 3243 884 Ιῑῖ2
3304 825 3402 887 gr.

989 906 1149 970 item
1197 909 1530 972 dominica
1567 910 1875 992 prpxima
1905 910 1982 972 In
2023 911 2296 973 excelso
2334 921 2529 974 trono
2559 910 2653 992 (3s
2664 912 2715 992 1)
2744 907 2784 990 ¹)
2824 910 3039 984 nichil,
3077 912 3197 974 sed
3234 909 3397 974 feria
3434 912 3729 976 secunda
3767 911 3925 994 (4l1)
3968 912 4191 974 Russ-

993 1015 1142 1078 coni
1209 1016 1416 1079 sutori
1485 1005 1714 1125 Refiio
1761 1017 2028 1079 racione
2073 1017 2319 1080 sallarii
2368 1017 2674 1100 Quatuor
2720 1028 3099 1100 temporum
3146 1040 3194 1082 s,
3244 1017 3447 1082 Lucie
3494 1019 3802 1102 proxime
3848 1019 4197 1101 preterito-

994 1142 1143 1185 rum
1191 1123 1336 1204 11¹s2
1397 1117 1608 1188 marc.'

995 1229 1152 1292 item
1199 1251 1322 1312 pro
1371 1229 1762 1294 noua'sella
1810 1253 1964 1295 cum
2012 1232 2404 1307 attinenciiS,
2452 1253 2573 1314 pro
2610 1229 2935 1316 podcladi
2968 1233 3249 1296 aliarum
3296 1234 3630 1308 sellarum,
3678 1253 3801 1315 pro
3846 1233 4091 1316 strepis
4126 1245 4197 1296 et

993 1339 1397 1421 strepatibus
1441 1361 1520 1403 ac
1568 1341 2066 1424 pr0-ligacione
2113 1341 2399 1403 duorum
2448 1340 2815 1422 clipeorum
2862 1340 3191 1424 regalium
3240 1341 3271 1402 I
3320 1361 3517 1404 mare.
3566 1340 3736 1404 VIII
3784 1361 3887 1424 gr.

994 1446 1151 1508 item
1202 1467 1323 1528 pro
1370 1447 1589 1530 lapide
1637 1464 1786 1510 cere
1833 1448 1898 1510 in
1947 1447 2146 1524 Noua
2193 1448 2457 1510 ciuitate
2504 1448 2591 1510 ad
2636 1449 2932 1530 paranda
2980 1447 3233 1510 lumina
3280 1448 3309 1510 Ι
3360 1468 3559 1526 marc.
3609 1448 3751 1512 XV
3797 1468 3887 1512 sc.

993 1553 1154 1616 item
1201 1574 1324 1636 pro
1371 1552 1794 1618 licuminibus
1841 1557 1927 1618 ad
1972 1532 2274 1636 paranda
2318 1554 2572 1617 lumina
2616 1554 2863 1618 ibidem
2912 1554 3019 1617 IX
3068 1576 3165 1638 gr.

992 1661 1152 1723 item
1199 1661 1363 1724 feria
1413 1661 1510 1724 VI
1557 1663 1866 1746 proxima
1913 1649 2053 1725 dno
2097 1663 2423 1725 Purczoni
2470 1663 2834 1724 castellano
2882 1662 3335 1746 Bidgostiensi
3380 1663 3629 1726 ibidem
3676 1663 3743 1726 iu
3792 1663 3989 1726 Noua
4034 1663 4195 1724 ciui-

994 1779 1130 1831 tate
1178 1770 1265 1831 ad
1313 1789 1548 1832 vocem
1599 1769 1713 1832 dni
1761 1770 1982 1855 Regis
2031 1770 2180 1832 XX
2229 1791 2429 1834 marc.

993 1876 1153 1939 item
1205 1877 1644 1940 Hannussoni
1689 1877 1953 1940 cubicul
2034 1877 2096 1938 'o
2143 1877 2256 1940 dni
2308 1877 2528 1962 Regis
2590 1879 2679 1940 ad
2724 1878 3115 1940 thezaurum
3164 1878 3481 1940 viaticum
3530 1878 3917 1960 dispensare
3966 1878 4033 1940 in
4082 1878 4197 1939 via

995 1983 1134 2047 VII
1181 2004 1380 2047 mare.
2001 2045 2008 2058 ι

994 2091 1151 2154 item
1200 2093 1484 2155 sabbato
1533 2094 1844 2174 proximo
1894 2079 2049 2176 (osi)
2097 2114 2220 2175 pro
2285 2093 2601 2175 expensis
2646 2092 2760 2154 dni
2827 2092 3363 2155 vicethesaurarii
3426 2091 3619 2154 factis
3666 2091 3987 2155 Cracouie
4033 2113 4191 2155 cum

994 2199 1375 2272 sartoribuS,
1423 2202 1806 2264 vectoribus
1853 2213 1922 2264 et
1965 2201 2230 2264 famulis
2276 2201 2591 2274 thezauri,
2640 2200 3029 2280 parantibus
3074 2199 3327 2262 lumina
3372 2201 3459 2262 ad
3504 2200 4029 2262 conuencionem
4070 2220 4196 2281 per

995 2309 1470 2388 precedentem
1517 2309 1959 2392 septimanam
2010 2310 2076 2372 II
2125 2329 2323 2372 mare.
2373 2308 2473 2371 III
2521 2329 2608 2370 sc,
2657 2307 2757 2371 IV
2805 2309 2952 2370 den.

1209 2414 1493 2478 Summa
1539 2417 1878 2480 XXXIX
1928 2437 2126 2480 marc,
2175 2416 2276 2479 III
2315 2437 2403 2480 sc.
2454 2415 2597 2478 XII
2643 2417 2794 2478 den.

1211 2523 1380 2584 Item
1429 2523 1593 2586 feria
1639 2525 1706 2586 II
1771 2525 2080 2606 proxima
2127 2525 2220 2604 (11
2233 2525 2264 2606 s
2277 2526 2329 2604 1)
2395 2543 2517 2605 pro
2564 2523 2630 2584 II
2676 2523 2902 2586 barilis
2970 2522 3104 2583 vini
3170 2521 3506 2584 Australis
3570 2532 3638 2584 et
3702 2522 3768 2584 Π
3817 2521 4197 2606 VngariciS,

997 2629 1179 2692 missi
1225 2631 1361 2692 dno
1410 2631 1595 2714 Regi
1640 2632 1706 2694 in
1755 2632 2020 2694 Nouam
2069 2632 2426 2704 ciuitatem,
2476 2629 2575 2692 VI
2591 2630 2651 2710 ¹,s2
2711 2651 2910 2693 marc,

986 2739 1151 2801 item
1201 2758 1323 2819 pro
1371 2739 1800 2801 straminibus
1865 2740 2038 2801 inter
2085 2739 2461 2822 predictum
2528 2738 2776 2809 vinum,
2842 2757 2964 2818 pro
3032 2737 3177 2818 pice
3225 2737 3310 2798 ad
3358 2734 3941 2800 circumfusionem
3988 2756 4195 2817 spun-

977 2849 1256 2910 thonum
1307 2857 1376 2909 et
1421 2847 1853 2928 imposicione
1900 2847 2104 2928 ipsius
2149 2848 2235 2908 ad
2283 2866 2517 2908 currus
2563 2845 2630 2906 II
2679 2864 2777 2927 gr.

975 2955 1137 3016 item
1187 2975 1308 3035 pro
1355 2954 1604 3016 caldari
1653 2975 1810 3016 ereo
1857 2955 1942 3016 ad
1989 2954 2407 3017 fundendum
2457 2952 2711 3014 lumina
2759 2951 2904 3013 XX
2954 2971 3043 3013 se.

981 3063 1142 3125 item
1191 3083 1313 3144 pro
1359 3063 1606 3145 patella
1653 3061 1866 3124 ferrea
1913 3063 1998 3124 ad
2045 3062 2465 3125 fundendum
2512 3079 2735 3122 ceram
2786 3079 2989 3140 super
3034 3058 3285 3120 lumina
3332 3057 3441 3137 115'2
3500 3079 3599 3140 gr.

983 3170 1142 3232 item
1189 3191 1312 3252 pro
1359 3169 1782 3233 licuminibus
1831 3169 2044 3232 missis
2091 3170 2178 3231 ad
2227 3169 2494 3231 Nouam
2543 3166 2879 3230 ciuitatem
2930 3165 3073 3226 XV
3122 3186 3218 3248 gr.

982 3267 1154 3340 item¹
1189 3299 1312 3360 pro
1359 3277 1670 3340 coloratis
1717 3276 1844 3339 filis
1891 3277 2082 3338 dictis
2131 3275 2403 3346 modcrz,
2472 3277 2643 3337 datis
2706 3273 3073 3336 sartoribus
3138 3271 3251 3334 dni
3317 3271 3537 3353 Regis
3583 3291 3907 3336 consuere
3955 3291 4185 3334 neces-

981 3386 1156 3447 saria
1201 3387 1288 3448 ad
1335 3384 1858 3447 conuencionem
1909 3385 2017 3446 XI
2063 3404 2152 3446 sc.

976 3493 1154 3554 item'
1191 3512 1314 3574 pro
1361 3493 1530 3554 albis
1577 3490 1703 3554 filis
1751 3493 1837 3554 ad
1885 3493 2347 3554 consuendum
2395 3489 2764 3552 sartoribus
2809 3487 3154 3572 regalibus
3202 3485 3373 3548 datis
3420 3485 3591 3548 VIII
3638 3507 3736 3568 gr.

983 3599 1142 3662 item
1189 3597 1256 3660 V
1305 3599 1688 3664 vectoribus
1717 3598 2058 3683 regalibus
2088 3618 2207 3681 pro
2235 3595 2740 3659 subseleacione
2768 3615 3135 3676 ocrearum,
3174 3592 3444 3656 cuilibet
3481 3612 3600 3674 per
3638 3593 3739 3654 III
3776 3613 3877 3676 gr.
3916 3613 4185 3656 summa

984 3706 1126 3768 XV
1174 3728 1274 3791 gr.

983 3814 1139 3876 item
1189 3835 1314 3896 pro
1359 3815 1572 3878 ocreis
1619 3815 1733 3876 vni
1781 3814 2031 3876 vectori
2079 3812 2290 3896 regali
2340 3813 2371 3874 I
2418 3811 2561 3875 fert.

983 3922 1143 3984 item
1211 3943 1333 4003 pro
1407 3921 1880 3985 sufferracione
1954 3941 2282 4003 equorum
2360 3919 2699 3982 vectilium
2774 3919 3103 4002 regalium
3178 3917 3425 3979 ibidem
3500 3917 3563 3978 in
3644 3917 3843 3979 Noua
3916 3915 4185 3978 ciuitate

982 4029 1154 4091 VIII
1202 4050 1300 4112 gr.

985 4137 1142 4198 item
1191 4136 1354 4199 feria
1401 4135 1500 4199 IV
1550 4137 1860 4218 proxima
1908 4137 2109 4217 (¹3l1)
2159 4156 2281 4217 pro
2329 4155 2622 4218 purpura
2669 4134 2845 4196 dicta
2893 4131 3161 4196 cam-clla
3225 4134 3384 4195 data
3434 4132 3868 4196 Hannussoni
3918 4131 4186 4194 cubicu-

985 4243 1149 4307 lario
1195 4246 1280 4307 ad
1329 4244 1586 4306 literam
1635 4245 1749 4306 dni
1797 4245 2018 4327 Regis
2063 4243 2235 4307 VIII
2282 4263 2483 4306 marc.

987 4351 1144 4414 item
1193 4372 1315 4434 pro
1362 4351 1582 4415 cordis
1629 4353 1955 4415 suberinis
2003 4353 2088 4414 ad
2136 4371 2370 4414 currus
2417 4352 2880 4412 thesaurorum
2932 4348 3033 4410 III
3083 4367 3183 4431 gr,

985 4459 1142 4522 item
1192 4460 1357 4522 feria
1403 4458 1469 4520 V
1517 4460 1828 4540 proxima
1877 4459 2076 4541 (¹4s1)
2144 4458 2429 4521 nunccio
2498 4457 2700 4520 misso
2765 4476 2918 4519 cum
2985 4455 3176 4518 litera
3243 4455 3359 4518 dni
3410 4453 3630 4537 Regis
3678 4455 3765 4516 ad
3806 4453 4182 4532 jacussium

986 4565 1237 4628 dictum
1284 4567 1642 4650 Longszczo
1689 4587 1813 4648 pro
1860 4588 2036 4648 equo
2084 4567 2240 4628 albo
2287 4567 2375 4628 ad
2421 4566 2726 4626 assedam
2777 4584 2899 4645 pro
2946 4562 3261 4644 expensis
3309 4561 3409 4623 IV
3458 4581 3555 4644 gr.

1199 4673 1483 4737 Summa
1529 4673 1742 4736 XVII
1791 4693 1989 4736 mare.
2037 4673 2102 4734 V
2149 4694 2240 4737 sc,
2297 4673 2361 4752 ἧς,
2422 4692 2519 4756 gr.

1201 4782 1372 4844 Item
1423 4782 1706 4845 nunccio
1753 4782 1956 4844 misso
2003 4801 2155 4844 cum
2215 4780 2420 4843 literis
2465 4781 2551 4842 ad
2599 4781 2807 4841 dnum
2857 4779 3133 4862 Regem
3180 4777 3245 4839 in
3296 4776 3651 4860 Przysszow
3698 4795 3823 4857 pro
3869 4775 4186 4856 expensis

984 4888 1085 4952 VI
1134 4911 1233 4974 gr.

986 4999 1143 5060 item
1228 4998 1487 5061 ciuibus
1570 4997 2079 5061 Ilcussiensibus
2161 4997 2349 5060 CLX
2435 5017 2632 5058 marc,
2717 5015 2839 5076 pro
2922 4994 3165 5076 quibus
3248 4993 3509 5054 soluere
3600 4992 3850 5053 debent
3930 4988 4186 5074 grossis

986 5105 1172 5169 CLX
1221 5127 1420 5170 marc.

986 5215 1144 5277 item
1192 5217 1477 5279 sabbato
1525 5216 1838 5298 proximo
1905 5214 2106 5295 (1os1)
2155 5234 2276 5295 pro
2326 5212 2497 5274 VIII
2565 5211 2738 5273 vlnis
2802 5208 3002 5290 panni
3062 5206 3473 5270 Bruszlensis
3539 5206 3675 5268 dati
3746 5205 4182 5268 Hannussoni

1205 5467 1239 5532 ¹)
1277 5469 1533 5522 Niedziela
1570 5479 1616 5517 ta
1648 5469 1742 5533 jest
1783 5468 1960 5531 mylnie
1997 5481 2294 5526 oznaczonffi
2331 5465 2426 5529 jest
2464 5479 2559 5511 ona
2596 5463 2807 5509 bowicm
2847 5461 3049 5524 dopiero
3090 5458 3326 5518 niedziela
3352 5458 3589 5522 pierwszq
3624 5471 3689 5520 po
3726 5454 3909 5504 Trzech
3949 5453 4185 5510 Krolach,

985 5561 1082 5624 gdy
1120 5568 1169 5608 tu
1209 5577 1262 5607 ze
1303 5561 1523 5622 wzglqdu
1563 5575 1624 5606 na
1661 5557 1956 5622 poprzcdnie
1994 5557 2009 5604 i
2047 5565 2282 5618 nastepnc
2334 5555 2448 5620 daty
2485 5553 2657 5600 chodzi
2710 5551 2973 5600 widocznic
3012 5565 3043 5596 ο
3080 5547 3317 5612 niedziele
3354 5547 3614 5612 najblizsza
3650 5561 3717 5610 po
3754 5546 3971 5610 Nowym
4012 5543 4186 5594 Roku.
