4592 6559
974 482 1056 557 76
1633 490 2011 555 REJESTRA
2061 488 2578 552 PonRzEc'rwA
2627 478 3284 539 KoRczffismEGo.
3342 481 3525 555 1388.

1184 689 1469 755 Summa
1515 689 1646 754 diei
1692 690 1794 753 III
1843 710 2044 753 marc.
2092 690 2196 753 III
2242 700 2402 753 scot.
2450 709 2663 753 auene
2711 687 2922 774 LV¹s²
2974 708 3180 753 mens,
3226 689 3509 771 proprie.

1182 797 1487 863 Sabbato
1533 798 1600 859 in
1648 797 1754 860 die
1802 798 2248 860 decolacionis
2292 818 2343 859 s,
2390 796 2705 877 Johannis
2751 797 2931 878 bapt.
2980 800 3035 877 (2
3048 799 3181 880 9s8)
3248 798 3332 859 ad
3399 797 3752 879 prandium
3810 799 3947 859 dno
3992 795 4185 878 Regi

970 916 1036 967 et
1082 907 1214 969 dne
1262 906 1536 988 Regine
1585 924 1736 966 cum
1785 904 2198 968 curiensibus
2244 904 2577 985 ipsorum:
2626 924 2749 986 pro
2795 904 3087 985 piscibus
3135 904 3536 986 generaliter
3580 925 3705 985 pro
3742 914 4023 986 utraque
4069 924 4182 965 co-

969 1013 1174 1095 quina
1217 1022 1285 1075 et
1330 1032 1454 1094 pro
1501 1012 1812 1075 omnibus
1857 1011 2440 1075 distribucionibus
2489 1011 2590 1073 III
2636 1031 2838 1073 marc,
2888 1011 2995 1072 XI
3043 1020 3202 1073 scot.
3250 1031 3373 1091 pro
3420 1011 3678 1073 cancris
3716 1011 3819 1073 ΙΙΙ
3856 1023 4017 1073 scot.
4056 1032 4183 1092 pro

966 1120 1139 1183 lacte
1185 1128 1253 1181 et
1298 1139 1524 1183 crema
1569 1120 1680 1181 IX
1727 1139 1826 1202 gr.
1873 1139 1995 1200 pro
2039 1120 2261 1181 butiro
2310 1119 2410 1180 IV
2456 1130 2617 1180 scot.
2665 1139 2786 1199 pro
2835 1118 3121 1179 LXXX
3170 1118 3378 1180 caseis
3442 1118 3551 1180 XI
3608 1128 3771 1181 scot.
3834 1139 3957 1199 pro
4022 1120 4183 1180 albo

966 1248 1142 1309 pane
1189 1227 1252 1290 in
1314 1226 1676 1310 Opatouecz
1721 1226 1892 1288 VIII
1939 1237 2100 1288 scot.
2147 1246 2270 1307 pro
2320 1226 2349 1287 I
2398 1246 2711 1288 mensura
2757 1226 2962 1306 miley
3009 1223 3169 1311 X¹s2
3219 1236 3379 1288 scot.
3426 1226 3792 1307 quemlibet
3837 1227 4012 1288 chor.
4058 1246 4184 1307 per

967 1332 1104 1396 VII
1153 1354 1251 1417 gr.
1299 1333 1716 1416 recipiend0;
1782 1334 1938 1395 item
1989 1333 2089 1395 VI
2138 1332 2191 1395 C
2239 1354 2370 1395 oua
2416 1333 2699 1415 propria,
2764 1332 2979 1413 pisum
3046 1333 3227 1413 prius
3274 1342 3610 1414 emptum;
3676 1353 3799 1413 pro
3854 1332 3955 1393 VI
4004 1332 4183 1394 vasis

969 1442 1284 1503 cereuisie
1331 1442 1416 1503 ad
1464 1440 1730 1503 cellaria
1777 1440 1890 1503 dni
1937 1440 2157 1523 Regis
2203 1450 2270 1501 et
2317 1441 2449 1502 dne
2497 1440 2771 1523 Regine
2820 1436 2938 1525 I¹l2
2988 1460 3190 1503 marc.
3246 1460 3378 1521 pro
3435 1440 3747 1502 carnibus
3810 1439 4183 1503 falconibus

969 1558 1036 1610 et
1082 1548 1414 1630 accipitris
1460 1548 1562 1609 III
1611 1568 1710 1631 gr.

1180 1654 1300 1719 Ad
1349 1655 1853 1719 distribuciones
1899 1655 2391 1728 Ruthenorum,
2440 1654 2553 1736 qui
2598 1664 2883 1735 protunc
2932 1654 3122 1716 multi
3168 1664 3629 1717 conuenerunt
3665 1656 3753 1717 ad
3790 1655 3998 1716 dnum
4038 1654 4181 1717 Re-

968 1782 1168 1847 gem:
1231 1765 1367 1826 duo
1413 1782 1657 1844 pecora
1701 1763 1884 1845 prius
1933 1772 2175 1844 empta,
2240 1782 2363 1843 pro
2410 1760 2621 1823 tribus
2666 1761 2969 1823 castratis
3014 1761 3152 1823 VII
3199 1772 3359 1824 scot.
3424 1781 3547 1843 pro
3593 1761 3730 1824 VII
3778 1762 3955 1825 vasis
4000 1783 4181 1825 cere-

966 1870 1128 1933 uisie
1172 1880 1311 1933 tam
1360 1869 1730 1952 Lythuanis
1775 1890 1978 1951 quam
2027 1869 2363 1932 Ruthenis
2409 1878 2475 1930 et
2524 1869 2795 1931 Polonis
2843 1869 2873 1930 I
2920 1888 3121 1931 mare.
3168 1869 3271 1931 III
3316 1868 3461 1932 fert.

1181 1978 1300 2039 Ad
1347 1997 1582 2040 cenam
1631 1980 1763 2040 dne
1811 1977 2084 2061 Regine
2132 1988 2197 2038 et
2243 1977 2657 2039 curiensibus
2702 1976 2817 2038 dni
2854 1975 3098 2059 Regis:
3146 1997 3270 2059 pro
3308 1977 3597 2058 piscibus
3634 1978 3820 2039 XXI
3859 1988 4017 2040 scot.
4055 1999 4181 2059 pro

965 2085 1221 2148 cancris
1267 2083 1370 2146 ΙΙΙ
1418 2104 1517 2167 gr.
1565 2094 1631 2145 et
1677 2083 1843 2147 CCC
1891 2106 2021 2146 oua
2066 2084 2351 2167 propria,
2426 2104 2549 2164 pro
2612 2084 2833 2146 butiro
2880 2084 2947 2147 II
2994 2093 3155 2147 scot.
3220 2104 3343 2165 pro
3409 2085 3618 2145 caseis
3661 2083 3729 2145 V
3776 2105 3877 2166 gr.
3941 2095 4008 2147 et
4070 2086 4180 2147 alii

964 2191 1146 2273 prius
1193 2191 1415 2272 empti,
1459 2210 1582 2273 pro
1627 2192 1810 2254 lacte·
1847 2204 1914 2253 et
1959 2211 2186 2253 crema
2229 2189 2384 2277 V¹s2
2437 2211 2537 2274 gr.
2584 2191 2827 2272 pisum,
2894 2192 3163 2253 mileum
3212 2191 3395 2273 prius
3442 2203 3685 2273 empta,
3750 2212 3873 2273 pro
3918 2192 4180 2255 lumini-

963 2300 1092 2361 bus
1137 2300 1353 2381 sepeis
1399 2299 1465 2361 II
1514 2310 1674 2361 scot.
1721 2319 1844 2381 pro
1892 2299 1958 2360 II
2005 2299 2158 2361 tinis
2206 2299 2307 2360 III
2354 2308 2567 2381 quart.
2615 2318 2738 2379 pro
2776 2298 2877 2360 VI
2924 2299 3134 2361 alueis
3180 2299 3213 2361 Ι
3250 2310 3411 2361 scot.
3450 2320 3576 2381 pro
3614 2300 3965 2363 ablucione
3994 2321 4181 2362 men-

965 2406 1202 2468 salium
1251 2406 1366 2467 dni
1412 2406 1632 2489 Regis
1679 2416 1746 2467 et
1791 2408 1923 2468 dne
1972 2407 2246 2490 Regine
2295 2406 2360 2468 ΙΙ
2409 2416 2569 2468 scot.
2616 2427 2739 2487 pro
2787 2406 2853 2466 V
2901 2407 3079 2469 vasis
3125 2406 3440 2469 cereuisie
3496 2416 3634 2469 tam
3684 2408 4016 2471 curiarum
4062 2407 4181 2471 dni

968 2512 1186 2597 Regis
1232 2532 1433 2595 quam
1483 2512 1692 2577 eciam
1741 2514 1874 2575 dne
1922 2513 2193 2596 Regine
2243 2534 2502 2576 necnon
2553 2514 2871 2575 Litwanis
2909 2523 2976 2575 et
3005 2514 3342 2576 Ruthenis
3379 2514 3412 2575 Ι
3441 2534 3677 2597 sexag.
3706 2513 3864 2576 item
3902 2510 3981 2600 ²s2
4013 2516 4181 2597 lapis

964 2620 1107 2703 sepi
1149 2640 1275 2702 pro
1321 2616 1562 2701 lampis
1608 2630 1676 2681 et
1720 2621 2015 2684 canibuS.

1179 2727 1297 2789 Ad
1346 2726 1850 2790 distribuciones
1895 2748 2220 2810 equorum
2270 2728 2385 2791 dni
2432 2728 2654 2811 Regis
2716 2739 2785 2790 et
2849 2729 2983 2790 dne
3052 2728 3324 2810 Regine
3386 2727 3549 2790 LIV
3597 2747 3908 2791 mensure
3965 2751 4178 2793 auene

961 2855 1086 2917 pro
1133 2834 1199 2897 II
1247 2852 1450 2897 marc.
1497 2835 1864 2917 quamlibet
1909 2856 2029 2917 per
2074 2846 2234 2898 scot.
2281 2834 2681 2916 recipiendo,

1178 2942 1298 3005 Ad
1341 2952 1554 3005 totam
1602 2942 1778 3005 diem
1825 2945 1961 3006 dno
2007 2942 2423 3025 procuratori
2468 2963 2621 3006 cum
2668 2942 2919 3005 familia
2964 2942 3161 3005 castri
3206 2942 3431 3005 omnia
3476 2944 3744 3025 propria
3790 2955 3858 3008 et
3903 2947 3987 3009 de
4023 2966 4175 3027 pro-

964 3052 1218 3115 uisione
1265 3049 1476 3133 regali
1497 3063 1528 3123 ;‘
1559 3070 1681 3132 pro
1729 3050 1795 3111 II
1843 3051 2172 3113 mensuris
2217 3070 2434 3113 auene
2483 3050 2549 3112 II
2596 3060 2757 3113 scot.
2806 3050 3033 3112 fenum
3081 3050 3443 3132 proprium.

1176 3156 1460 3222 Summa
1506 3156 1634 3220 diei
1679 3156 1860 3219 XIII
1907 3178 2110 3220 marc,
2159 3157 2338 3219 XIV
2386 3168 2545 3221 scot.
2594 3158 2624 3219 I
2674 3168 2886 3239 quart.
2934 3178 3148 3220 auene
3192 3157 3355 3221 LVI
3402 3178 3609 3221 mens.
3657 3170 3896 3241 empte.

1175 3263 1458 3329 Summa
1501 3264 1872 3345 septimane
1917 3265 2104 3327 XIX
2151 3284 2352 3328 marc,
2392 3264 2527 3328 VII
2564 3274 2725 3327 scot.
2772 3264 2873 3327 111
2912 3275 3123 3346 quart.
3162 3286 3377 3327 auene
3412 3266 3679 3348 proprie
3714 3266 3951 3331 CXIII
3988 3288 4175 3329 men-

962 3392 1134 3447 sure,
1181 3382 1406 3453 empte
1452 3370 1611 3433 LVI
1660 3390 1989 3435 mensure.

1176 3479 1531 3543 Dominica
1577 3480 1738 3542 dum
1787 3481 2146 3553 clamarem
2196 3489 2319 3543 etc.
2368 3480 2565 3542 videl.
2612 3481 2757 3561 ipso
2805 3481 2911 3542 die
2958 3489 3154 3543 sctor.
3204 3480 3443 3543 Felicis
3507 3492 3573 3543 et
3620 3482 3826 3545 Aucti
3875 3483 4093 3566 (30s8).
4131 3482 4175 3565 ¹)

1177 3587 1294 3650 Ad
1341 3587 1696 3669 prandium
1746 3588 1881 3650 dno
1930 3586 2115 3671 Regi
2164 3597 2231 3648 et
2277 3587 2551 3670 Regine
2597 3588 2732 3649 duo
2779 3588 2962 3669 porci
3028 3588 3211 3669 prius
3276 3588 3498 3669 empti,
3562 3609 3685 3669 pro
3750 3588 3819 3651 ΙΙ
3874 3590 4177 3653 castratis

959 3695 1073 3758 IX
1119 3714 1218 3779 gr.
1266 3694 1300 3756 Ι
1345 3704 1556 3776 quart.
1604 3714 1728 3775 pro
1775 3694 1912 3757 IIII
1960 3695 2142 3758 aucis
2188 3694 2291 3756 III
2339 3714 2437 3777 gr.
2486 3715 2609 3777 pro
2657 3694 2793 3757 IIII
2842 3694 3023 3758 suilis
3068 3694 3136 3755 V
3185 3716 3283 3779 gr.
3329 3716 3452 3777 pro
3498 3697 3718 3758 butiro
3756 3696 3871 3758 VI.
3905 3718 4007 3781 gr.
4051 3718 4176 3778 pro

960 3804 1135 3865 lacte
1181 3811 1248 3863 et
1295 3821 1521 3864 crema
1566 3798 1720 3887 V¹s2
1771 3822 1870 3885 gr.
1917 3822 2041 3883 pro
2086 3802 2297 3863 caseis
2343 3800 2567 3887 VII¹s²
2618 3822 2717 3885 gr.
2784 3823 2908 3883 pro
2964 3823 3127 3883 cepe
3173 3802 3242 3863 V
3289 3810 3499 3884 quart.
3564 3823 3687 3884 pro
3751 3803 4025 3867 auiculis
4072 3804 4177 3867 III

961 3919 1123 3973 scot.
1169 3928 1294 3991 pro
1340 3918 1532 3972 aceto
1578 3908 1610 3971 I
1659 3919 1819 3973 scot.
1869 3930 1990 3991 pro
2037 3909 2211 3992 piris
2259 3909 2479 3991 pomis
2526 3920 2592 3971 et
2640 3910 2925 3972 nucibus
2970 3910 3037 3971 V
3087 3919 3299 3991 quart.
3362 3910 3520 3971 item
3568 3910 3857 3973 LXXX
3902 3912 4064 3993 pulli
4108 3922 4179 3973 et

961 4015 1184 4081 CCCC
1231 4037 1362 4079 oua
1406 4016 1674 4099 propria
1719 4027 1788 4079 et
1833 4017 1925 4079 sic
1970 4017 2076 4079 hic
2120 4026 2224 4078 est
2269 4015 2421 4079 finis
2465 4018 2798 4098 pullorum
2840 4029 2963 4081 etc,
3001 4016 3447 4098 propriorum
3494 4037 3619 4099 pro
3650 4018 3751 4081 VI
3780 4020 3957 4081 vasis
3994 4039 4175 4083 cere·-

961 4124 1122 4187 uisie
1169 4126 1256 4186 ad
1303 4124 1568 4187 cellaria
1615 4124 1729 4185 dni
1775 4124 1996 4207 Regis
2060 4136 2126 4185 et
2194 4123 2469 4207 Regine
2535 4123 2653 4209 I¹s2
2723 4145 2923 4187 mare.
2990 4124 3336 4207 quodlibet
3390 4145 3513 4187 vas
3566 4146 3689 4206 per
3735 4125 3767 4188 I
3812 4125 3956 4189 fert.
4012 4126 4176 4189 reci·

961 4232 1233 4313 piendo;
1285 4251 1408 4312 pro
1455 4230 1782 4293 vnccione
1829 4251 2144 4295 curruum
2193 4252 2396 4312 super
2441 4231 2619 4294 viam
2670 4242 2737 4295 et
2784 4232 3063 4293 canibus
3108 4232 3473 4294 nutriendis
3524 4229 3603 4317 ¹s2
3651 4233 3821 4314 lapis
3865 4234 4023 4315 sepi.

1175 4337 1295 4401 Ad
1342 4337 1695 4418 prandium
1743 4340 2024 4401 ducibus
2068 4339 2555 4421 Lytwanorum
2623 4350 2690 4401 et
2753 4339 3091 4402 Ruthenis
3154 4341 3290 4401 duo
3353 4360 3640 4420 peccora
3702 4341 3885 4421 prius
3932 4352 4173 4423 empta,

959 4446 1118 4508 item
1167 4444 1201 4507 Ι
1246 4464 1490 4525 porcus
1536 4445 1748 4507 eciam
1797 4446 1979 4527 prius
2025 4456 2309 4527 emptus,
2375 4467 2500 4527 pro
2558 4446 2658 4508 IV
2716 4447 3019 4509 castratis
3074 4447 3245 4509 VIII
3300 4457 3462 4510 scot.
3527 4447 3560 4508 Ι
3616 4460 3828 4530 quart.
3894 4469 4016 4529 pro
4072 4448 4174 4510 IV

961 4552 1140 4615 vasis
1185 4551 1502 4613 cereuisie
1548 4552 1581 4613 I
1629 4571 1873 4615 marca.

1176 4659 1388 4723 Facto
1434 4658 1714 4740 prandio
1761 4660 1936 4721 dnus
1981 4661 2146 4722 Rex
2192 4660 2258 4721 in
2305 4658 2570 4743 Sydlow
2615 4661 2952 4742 processit,
3022 4662 3157 4723 dna
3203 4662 3479 4745 Regina
3536 4662 3642 4724 hic
3688 4662 4060 4725 dimittente
4106 4674 4175 4726 et

961 4768 1100 4831 dno
1143 4776 1609 4849 procuratore:
1677 4766 1875 4829 vadia
1923 4768 2169 4830 ducum
2217 4767 2727 4850 Lythuanorum
2787 4778 2853 4829 et
2900 4769 3371 4831 Ruthenorum
3438 4770 3504 4831 in
3569 4768 3877 4851 hospiciis
3940 4790 4171 4833 eorum

962 4894 1278 4938 exemere
1323 4874 1772 4956 precipiendO.

1174 4981 1266 5045 Et
1310 4980 1526 5063 primo
1563 4976 1921 5065 argentum
1962 4982 2148 5045 ducis
2176 4981 2600 5053 Allexandri,
2641 4980 2860 5045 fratris
2896 4984 3012 5046 dni
3051 4983 3287 5067 Regis,
3326 4993 3489 5063 aput
3517 4984 3921 5047 Pechlonem
3956 4985 4171 5049 ciuem

961 5090 1028 5152 in
1076 5089 1145 5152 II
1191 5088 1434 5151 marcis
1480 5089 1720 5152 exemi.

1177 5195 1348 5259 Item
1397 5216 1521 5277 pro
1569 5197 1740 5259 duce
1788 5196 2134 5258 Kazimiro
2175 5197 2463 5276 Johanni
2506 5198 2748 5278 hospiti
2795 5197 2999 5279 ipsius
3045 5198 3077 5260 Ι
3126 5218 3325 5260 mare.
3376 5198 3517 5259 XV
3562 5208 3727 5262 scot.

1177 5303 1348 5367 Item
1396 5324 1517 5385 pro
1564 5306 1736 5366 duce
1781 5302 2230 5367 Starodubski
2294 5313 2362 5366 et
2425 5324 2548 5386 pro
2594 5304 2977 5367 VVolcossio
3043 5305 3299 5367 notario
3364 5305 3703 5369 Rutenico
3770 5307 3882 5369 dni
3929 5307 4166 5391 Regis,

963 5411 1262 5475 Henrico
1307 5410 1549 5492 hospiti
1595 5411 1890 5493 ipsorum
1939 5408 2152 5473 XVII
2199 5421 2363 5474 scot.

1183 5642 1218 5708 ¹)
1254 5644 1442 5693 Zobacz
1478 5658 1538 5693 co
1572 5643 1640 5692 do
1676 5644 1963 5693 oznaaenia
1999 5641 2220 5693 niedzieli
2257 5658 2433 5707 uwage
2470 5658 2533 5692 na
2568 5649 2649 5692 str.
2692 5654 2772 5704 72.
