4592 6559
983 521 1107 580 206
1763 523 2142 597 REJESTRA
2193 530 2780 580 PODSKARBOEGO
2830 531 3158 581 HINCZKI.
3218 539 3401 598 1394.

979 730 1138 792 item
1187 729 1352 794 feria
1400 731 1466 792 II
1513 731 1620 793 die
1669 731 2127 794 Exaltacionis
2171 732 2501 795 &Crucis
2548 732 2748 813 (14l9)
2806 733 2891 794 ad
2940 734 3327 795 mandatum
3377 731 3491 793 dni
3541 732 3761 815 Regis
3808 733 4181 814 personale,

978 839 1116 901 dno
1164 838 1491 902 Kelczoni
1536 839 1876 922 preposito
1923 861 1972 903 s,
2021 840 2233 902 Marie
2278 839 2347 902 in
2396 839 2721 904 Cracouia
2767 839 2915 903 XX
2962 859 3163 902 mare.

977 945 1136 1009 item
1183 944 1348 1008 feria
1394 945 1496 1008 ΙΙΙ
1542 947 1608 1009 in
1656 948 1945 1010 crastino
1989 946 2451 1011 Exaltacionis
2496 968 2547 1011 s,
2594 946 2824 1011 Crucis
2870 949 2923 1028 (ι
2938 948 3072 1028 519)
3120 967 3242 1028 pro
3288 947 3621 1010 asseribus
3667 946 3753 1010 ad
3790 956 4181 1010 construen-

976 1053 1140 1115 dum
1187 1054 1548 1117 comodum
1596 1075 1799 1136 super
1843 1055 2110 1118 stubam
2176 1057 2262 1119 de
2328 1055 2639 1140 leuigatis
2699 1053 2947 1118 factam
3012 1053 3079 1116 in
3143 1055 3350 1117 domo
3414 1054 3978 1128 vicethezaurarii‚
4042 1074 4181 1138 que

980 1159 1142 1224 alias
1190 1159 1313 1225 fuit
1361 1163 1604 1225 domus
1649 1161 2003 1247 Drogossii
2050 1163 2082 1225 I
2128 1162 2271 1226 fert.

1191 1267 1476 1332 Summa
1522 1269 1654 1332 LX
1702 1289 1904 1334 marc.
1952 1269 1986 1333 Ι
2031 1269 2175 1334 fert.

1193 1376 1364 1438 Item
1414 1376 1615 1440 Petro
1661 1379 1996 1442 brennero
2043 1399 2246 1460 super
2290 1378 2678 1453 colnerium,
2722 1376 3080 1440 szurczlath
3126 1387 3192 1441 et
3238 1397 3437 1460 super
3481 1377 3613 1440 alia
3648 1397 3839 1440 arma
3872 1376 4179 1440 calibdea

981 1484 1108 1566 (ad)
1156 1484 1272 1547 dni
1320 1484 1542 1569 Regis
1585 1485 1794 1548 solius
1837 1505 2084 1568 corpus
2129 1486 2195 1546 V
2243 1505 2443 1548 mare.

975 1590 1134 1654 item
1181 1591 1350 1654 feria
1394 1591 1494 1655 IV
1544 1593 1850 1675 proxime
1895 1593 2203 1676 sequenti
2251 1595 2302 1675 (1
2319 1592 2454 1676 oso)
2500 1612 2624 1675 pro
2668 1593 2899 1655 labore
2947 1593 3211 1657 comodi
3258 1606 3323 1656 et
3360 1613 3625 1657 camere
3670 1613 3873 1674 super
3908 1592 4177 1655 stubam

976 1697 1152 1762 facte
1199 1699 1302 1762 IV
1349 1720 1437 1765 sc.
2386 1685 2399 1700 Χ

977 1806 1136 1870 item
1183 1828 1306 1890 pro
1354 1810 1562 1871 clauis
1609 1809 1921 1872 asseratis
1967 1819 2038 1872 et·
2078 1809 2563 1872 scilindriorum
2632 1827 2711 1871 ac
2774 1805 3099 1871 ferruncis
3161 1808 3355 1871 dictis
3416 1827 3696 1892 zawaszy
3748 1809 3835 1872 ad
3881 1806 4178 1871 hostium

977 1934 1244 1978 camere
1290 1916 1586 1999 predicte
1633 1917 1736 1980 III
1782 1937 1871 1980 sc.

971 2021 1134 2084 'item
1183 2043 1306 2105 pro
1354 2023 1526 2087 VIII
1571 2024 1748 2087 vlnis
1794 2025 1997 2107 panni
2033 2023 2231 2088 flauei
2271 2033 2342 2086 et
2376 2023 2705 2086 brunatici
2743 2021 3053 2087 Szassino
3084 2022 3491 2086 cubiculario
3518 2023 3631 2085 dni
3664 2023 3907 2104 Regis,
3943 2042 4178 2104 quam·

977 2129 1140 2194 libet
1187 2131 1416 2194 vlnam
1463 2152 1585 2214 per
1632 2132 1740 2194 IX
1789 2153 1878 2196 sc.
1923 2131 2307 2213 recipiendo
2354 2131 2457 2194 III
2506 2151 2708 2193 marc.

975 2235 1134 2299 item
1184 2236 1348 2301 feria
1393 2239 1458 2300 V
1507 2239 1652 2321 ipso
1698 2239 1805 2303 die
1852 2261 1901 2302 s,
1951 2239 2290 2302 Lamberti
2340 2239 2541 2322 (17l9)
2588 2259 2709 2320 pro
2756 2237 3185 2301 straminibus
3229 2249 3295 2299 et
3332 2237 3763 2320 imposicione
3802 2236 3936 2300 vini
3976 2236 4175 2300 trium

974 2345 1335 2408 barilarum
1385 2345 1934 2410 circumsteruere
1979 2347 2150 2410 inter
2196 2348 2375 2429 ipsas
2422 2346 2666 2409 barilas
2712 2345 2847 2408 vini
2892 2344 3171 2427 predicti
3216 2344 3319 2408 III
3366 2355 3578 2428 quart.

975 2451 1133 2515 item
1201 2473 1324 2534 pro
1389 2455 1462 2516 X
1527 2455 1830 2518 barbutis
1894 2454 2086 2518 dictis
2147 2453 2434 2518 schlomi
2485 2475 2638 2519 cum
2706 2453 3017 2516 omnibus
3080 2453 3452 2516 attinenciis
3514 2453 3713 2516 videl.
3761 2452 3829 2514 V
3874 2473 3994 2534 per
4044 2452 4178 2515 VII

972 2559 1115 2624 fert.
1163 2570 1232 2624 et
1278 2562 1442 2624 alios
1487 2583 1608 2644 per
1653 2562 1686 2624 I
1732 2582 1932 2625 marc.
1982 2573 2049 2625 et
2097 2563 2202 2624 IX
2250 2583 2339 2626 sc,
2386 2581 2648 2625 summa
2695 2560 2851 2624 facit
2897 2561 3041 2624 XV
3088 2581 3287 2625 mare.

973 2668 1132 2731 item
1180 2689 1302 2751 pro
1350 2669 1564 2732 tribus
1608 2670 1846 2744 loriciS,
1893 2673 1978 2733 de
2026 2670 2268 2753 quibus
2316 2670 2595 2751 primam
2646 2690 2765 2752 per
2812 2669 2913 2730 IV
2962 2689 3162 2732 marc.
3218 2670 3581 2732 secundam
3647 2689 3772 2750 pro
3820 2668 3924 2731 III
3972 2688 4177 2732 marc.

972 2776 1222 2838 XVIII
1268 2797 1358 2840 se.
1406 2788 1473 2841 et
1519 2779 1792 2840 terciam
1843 2798 1964 2860 pro
2013 2777 2114 2840 III
2163 2799 2362 2841 marc.
2410 2796 2673 2840 summa
2717 2775 2877 2840 facit
2922 2775 2995 2838 X
3043 2796 3243 2839 mare.
3291 2775 3539 2839 XVIII
3586 2796 3677 2839 sc.

971 2883 1130 2946 item
1176 2883 1342 2948 feria
1389 2884 1489 2947 VI
1537 2886 1841 2968 sequenti
1891 2886 2093 2968 (18l9)
2139 2906 2262 2967 pro
2309 2884 2342 2947 I
2390 2885 2645 2948 casside
2683 2885 2861 2948 dicta
2897 2881 3253 2967 przelbc'cza
3291 2883 3613 2946 Proczoni
3650 2885 3738 2946 ad
3778 2884 4175 2947 mandatum

973 2991 1090 3053 dni
1135 2992 1357 3076 Regis
1403 2995 1641 3056 vocale
1687 2992 1788 3054 IV
1837 3011 2035 3055 mare.

972 3097 1132 3161 item
1180 3119 1302 3180 pro
1351 3099 1451 3161 VI
1499 3101 1686 3182 pileis
1733 3100 1924 3163 dictis
1973 3098 2319 3183 clobuczky‚
2371 3100 2735 3182 quemlibet
2780 3117 2900 3180 per
2946 3098 3089 3160 XV
3138 3119 3225 3161 sc.
3273 3098 3669 3180 recipiendO,
3716 3117 3981 3160 summa
4018 3097 4179 3161 facit

973 3205 1077 3269 III
1126 3226 1326 3270 mare.
1375 3206 1623 3270 XVIII
1669 3229 1757 3270 se.

973 3313 1132 3376 item
1179 3335 1302 3396 pro
1350 3316 1382 3377 Ι
1433 3314 1775 3399 brusplatlz
1824 3316 1934 3378 vni
1986 3315 2319 3377 Walacho
2380 3318 2441 3394 ¹:¹2
2502 3333 2701 3377 marc,

1187 3423 1468 3486 Summa
1516 3422 1716 3485 XLII
1765 3443 1963 3486 marc.
2013 3421 2225 3503 V11¹j2
2285 3443 2375 3486 sc.
2439 3424 2497 3501 ¹²2
2558 3443 2654 3504 gr.

1187 3529 1356 3593 Item
1405 3551 1528 3613 pro
1577 3541 1852 3593 vectura
1899 3531 2032 3592 vini
2080 3531 2349 3593 racione
2400 3529 2722 3592 mercedis
2772 3528 3039 3601 vectori,
3104 3528 3216 3610 qui
3283 3528 3466 3591 ducit
3528 3529 3863 3611 predictas
3918 3549 4028 3591 res
4082 3529 4169 3592 ad

971 3638 1178 3701 dnum
1229 3639 1504 3723 Regem
1554 3659 1892 3701 armorum
1942 3657 2176 3700 versus
2223 3635 2477 3700 Lublin
2515 3649 2583 3699 et
2622 3637 2785 3700 alias
2822 3656 2929 3699 res
2968 3635 3499 3699 mercimoniales
3536 3656 3691 3699 cum
3738 3636 4021 3700 diversis
4060 3657 4173 3699 ne-

971 3745 1182 3828 gociis
1229 3746 1592 3830 regalibuS,
1641 3746 1872 3808 vinum
1921 3757 2043 3808 etc,
2099 3746 2188 3807 ad
2237 3745 2625 3807 mandatum
2693 3744 2806 3806 dni
2872 3743 3095 3826 Regis
3157 3743 3447 3824 speciale
3513 3743 3779 3806 racione
3844 3743 4173 3807 mercedis

971 3853 1072 3914 III
1121 3873 1321 3916 mare.
1744 3861 1748 3866 ’

969 3959 1126 4021 item
1177 3981 1298 4041 pro
1346 3960 1661 4042 expensis
1708 3960 2170 4043 Dobrogostio
2227 3959 2633 4022 cubiculario
2689 3959 2803 4020 dni
2860 3959 3094 4042 Regis
3162 3958 3273 4040 qui
3340 3958 3515 4020 circa
3582 3959 3881 4039 predicta
3944 3958 4172 4022 omnia

971 4079 1039 4132 et
1084 4069 1354 4151 singula
1400 4077 1790 4150 comparata
1836 4069 1921 4129 ad
1968 4067 2174 4130 dnum
2226 4067 2498 4149 Regem
2550 4077 3011 4148 representare
3076 4065 3397 4148 equitauit
3444 4066 3841 4128 deducendo
3890 4067 3921 4128 I
3969 4086 4171 4130 mare.

969 4175 1124 4236 item
1175 4175 1390 4237 eidem
1439 4195 1562 4257 pro
1608 4175 1850 4239 balista
1896 4195 2048 4237 cum
2098 4175 2411 4236 omnibus
2456 4173 2828 4236 attinenciis
2892 4175 2977 4235 ad
3041 4173 3300 4235 literam
3348 4173 3461 4236 dni
3510 4172 3733 4256 Regis
3798 4173 3909 4252 1¹2,
3968 4193 4169 4236 mare.

969 4283 1129 4344 item
1177 4284 1462 4345 sabbato
1509 4282 1819 4364 proximo
1869 4282 2070 4363 (19l9)
2119 4282 2203 4345 ad
2253 4281 2643 4344 mandatum
2692 4281 2805 4342 dni
2856 4280 3077 4364 Regis
3125 4281 3261 4342 dno
3310 4279 3637 4342 Paschoni
3674 4278 4168 4363 Scothniczsky

967 4390 1032 4450 in
1085 4389 1283 4452 Noua
1329 4389 1597 4453 ciuitate
1646 4390 1793 4451 XX
1846 4409 2045 4452 mare.

967 4496 1126 4560 item
1177 4517 1299 4580 pro
1345 4497 1377 4560 I
1427 4497 1676 4560 missali
1723 4497 1964 4559 viatico
2012 4497 2146 4559 dno
2197 4495 2383 4579 Regi
2432 4495 2634 4558 misso
2680 4505 2833 4577 post
2878 4514 3030 4557 eum
3080 4497 3167 4557 ad
3216 4495 3649 4557 venacionem
3700 4494 3765 4554 V
3814 4514 4014 4557 mare.

967 4607 1126 4668 item
1193 4625 1317 4687 pro
1362 4605 1694 4688 ligacione
1752 4604 2022 4667 alterius
2089 4603 2371 4666 missalis
2435 4605 2573 4666 dno
2638 4602 2823 4687 Regi
2889 4602 3028 4665 dati
3090 4621 3211 4683 per
3276 4602 3483 4665 dnum
3550 4602 4167 4666 vicecancellarium

968 4713 1202 4796 Regni
1250 4711 1528 4774 Polonie
1578 4712 1610 4773 Ι
1655 4711 1798 4774 fert.

966 4821 1124 4882 item
1171 4841 1296 4902 pro
1343 4820 1658 4901 expensis
1704 4818 1818 4881 dni
1867 4817 2398 4881 vicethesaurarii
2448 4819 2532 4880 ad
2578 4819 3052 4899 precedentem
3110 4815 3550 4898 septimanam
3600 4835 3753 4879 cum
3800 4816 4169 4880 sartoribus

967 4939 1088 4991 ete.
1135 4927 1350 4991 XVII
1367 4927 1406 4989 ¹!
1487 4949 1575 4989 sc,

965 5036 1124 5099 item
1173 4971 1507 5098 dominica
1547 5035 1896 5096 Protector
1942 5043 2168 5096 noster
2215 5034 2418 5116 (20l9)
2466 5033 2764 5096 Henrico
2812 5031 3363 5115 Zymnowodsky
3408 5051 3560 5094 cum
3610 5030 3811 5094 fratre
3857 5051 4061 5114 super
4098 5031 4165 5094 II

964 5147 1192 5207 hastas
1237 5144 1323 5205 ad
1371 5141 1878 5224 expedicionem
1929 5141 1997 5203 X
2049 5161 2249 5205 mare.

964 5253 1124 5314 item
1171 5271 1295 5334 pro
1341 5249 1658 5332 expensis
1704 5248 1920 5311 eidem
1969 5249 2055 5311 ad
2102 5267 2341 5311 vocem
2388 5247 2500 5310 dni
2550 5247 2770 5331 Regis
2818 5247 2881 5310 II
2934 5267 3128 5309 marc.

1179 5359 1463 5422 Summa
1509 5355 1747 5418 XLIII
1794 5375 1995 5418 marc.
2043 5355 2151 5418 XI
2169 5355 2229 5434 ΙΙ,
2287 5375 2377 5418 sc,

1178 5466 1348 5528 Item
1397 5467 1482 5527 ad
1529 5465 1922 5526 mandatum
1972 5463 2086 5526 dni
2134 5462 2356 5550 Regis
2401 5482 2523 5544 pro
2567 5461 2876 5548 dampnis
2926 5460 3301 5527 Anderlino
3355 5460 3421 5526 in
3478 5460 3773 5526 seruiciis
3819 5460 4161 5548 regalibus

961 5573 1163 5642 factis'
1198 5573 1350 5637 XX
1399 5592 1598 5641 marc,
