4592 6559
1020 503 1143 563 512
1546 498 1921 563 REJESTRA
1968 499 2234 565 STACYJ
2283 502 2576 552 DWORU
2625 490 2894 554 KROLA
2941 506 2967 555 1
3018 494 3450 574 KROLOWEJ.
3511 517 3691 578 1417·

1231 704 1401 767 Item
1450 705 1624 767 dnus
1674 702 1835 764 Rex
1881 701 2065 764 venit
2112 704 2198 764 ad
2248 713 2512 765 noctem
2552 705 2834 767 sabbato
2881 706 2944 769 in
2995 707 3224 790 vigilia
3269 707 3466 772 Oculi
3507 710 3725 792 (13l3),
3773 714 3892 774 sed
3943 713 4049 774 hic
4097 716 4210 776 da·

1015 815 1260 877 bantur
1306 811 1530 874 omnia
1576 811 1803 873 diiaria
1850 810 1915 870 in
1964 809 2163 872 Noua
2209 810 2495 874 ciuitate.

1228 921 1399 982 Item
1445 921 1582 982 dno
1631 918 1814 1000 Regi
1864 918 1947 979 ad
1996 917 2227 979 horam
2287 938 2454 980 cene
2500 917 2602 980 III
2651 921 2939 982 octualia
2988 923 3287 1004 propr-iffi
3335 924 3494 986 item
3542 925 3677 987 dno
3725 929 4210 990 marschalconi

1014 1050 1135 1111 pro
1183 1029 1473 1111 piscibus
1519 1027 1621 1088 VI
1668 1046 1756 1088 sc.
1806 1026 1965 1088 item
2015 1046 2136 1105 pro
2184 1027 2334 1086 oleo
2375 1025 2442 1088 II
2479 1046 2568 1089 sc,
2617 1027 2774 1088 item
2826 1048 2946 1109 pro
2994 1031 3239 1092 octuali
3285 1031 3562 1094 ceruisie
3608 1032 3754 1094 XII
3799 1053 3889 1097 sc.

1226 1136 1403 1199 Duci
1467 1133 1937 1218 Sigismundo:
2003 1133 2159 1194 item
2194 1119 2352 1214 'pro
2399 1133 2692 1214 piscibus
2737 1135 2839 1196 VI
2885 1155 2976 1198 se.
3041 1136 3198 1198 item
3247 1159 3368 1220 pro
3415 1140 3568 1200 oleo
3613 1139 3681 1200 II
3727 1160 3816 1202 sc.
3881 1141 4037 1202 item
4088 1162 4210 1224 pro

1012 1247 1257 1310 octuali
1302 1243 1577 1307 ceruisie
1624 1241 1768 1304 XII
1813 1261 1902 1303 50.

1224 1351 1398 1415 Duci
1444 1347 1931 1415 Szemischoni:
1996 1347 2153 1410 item
2203 1369 2324 1429 pro
2374 1349 2663 1430 piscibus
2709 1351 3088 1413 recentibus
3136 1350 3236 1414 VI
3282 1373 3372 1416 se.
3429 1353 3586 1416 item
3633 1375 3756 1437 pro
3804 1356 3958 1418 oleo
4003 1356 4070 1418 II
4117 1376 4206 1420 50.

1009 1463 1167 1524 item
1215 1480 1339 1542 pro
1386 1457 1632 1521 octuali
1677 1453 1955 1519 ceruisie
2003 1454 2146 1517 XII
2192 1475 2281 1518 sc.

1220 1567 1563 1630 Vilhelmo
1612 1564 1931 1628 Grabicz:
1996 1563 2155 1625 item
2204 1582 2324 1643 pro
2371 1561 2660 1643 piscibus
2699 1565 3076 1628 recentibus
3123 1566 3224 1628 VI
3271 1587 3360 1631 50.
3427 1568 3582 1630 item
3631 1589 3755 1651 pro
3800 1569 3954 1631 oleo
4000 1569 4066 1632 II
4113 1591 4203 1634 sc.

1006 1679 1163 1741 item
1211 1697 1335 1758 pro
1383 1675 1627 1737 octuali
1675 1671 1951 1735 ceruisie
1998 1671 2142 1733 XII
2188 1691 2277 1732 50.

1219 1783 1395 1845 Duci
1446 1780 1699 1845 Mathie
1756 1778 2134 1861 Opawsky:
2200 1780 2358 1839 item
2424 1798 2546 1859 pro
2593 1778 2885 1859 piscibus
2947 1782 3328 1844 recentibus
3373 1781 3474 1844 VI
3520 1803 3610 1846 se.
3676 1783 3835 1846 item
3883 1805 4006 1866 pro
4053 1785 4206 1848 oleo

1007 1892 1071 1954 ΙΙ
1120 1911 1209 1953 50.
1258 1890 1413 1952 item
1464 1909 1585 1970 pro
1632 1885 1877 1950 octuali
1924 1885 2200 1948 ceruisie
2248 1884 2393 1947 XII
2439 1905 2529 1948 sc.

1140 2043 1147 2050 .
1218 1997 1391 2060 Duci
1439 1994 1752 2058 Bolconi:
1798 1993 1957 2056 item
2005 2013 2126 2075 pro
2172 1993 2464 2074 piscibus
2509 1993 2890 2056 recentibus
2927 1995 3029 2058 VI
3076 2017 3164 2059 50.
3212 1996 3372 2058 item
3419 2017 3541 2078 pro
3587 1999 3740 2060 oleo
3789 1997 3856 2061 II
3903 2019 3994 2062 se.
4041 2000 4202 2062 item

1003 2127 1125 2190 pro
1173 2104 1418 2169 octuali
1464 2103 1738 2166 ceruisie
1786 2100 1930 2163 XII
1976 2121 2064 2163 sc.

1216 2209 1819 2277 Vicecancellario:
1883 2208 2043 2271 item
2109 2228 2230 2289 pro
2294 2208 2588 2289 piscibus
2654 2209 3034 2273 recentibus
3080 2210 3180 2272 VI
3227 2230 3318 2274 sc.
3383 2211 3542 2275 item
3609 2232 3733 2294 pro
3797 2213 3948 2274 oleo
3995 2212 4064 2275 II
4109 2233 4200 2276 sc.

1000 2323 1155 2384 item
1206 2341 1326 2403 pro
1365 2318 1608 2382 octuali
1656 2315 1931 2379 ceruisie
1976 2315 2122 2377 XII
2169 2334 2258 2377 sc.

1212 2427 1715 2510 Medyolansky
1763 2444 1914 2487 curn
1964 2422 2426 2485 thezaurariis:
2475 2423 2632 2484 item
2684 2444 2806 2505 pro
2845 2423 3136 2505 piscibus
3175 2426 3552 2488 recentibus
3591 2425 3692 2489 VI
3727 2448 3817 2490 50.
3866 2427 4023 2490 item
4077 2449 4196 2510 pro

999 2538 1149 2599 oleo
1196 2536 1261 2598 ΙΙ
1310 2555 1397 2596 sc.
1447 2534 1601 2595 item
1650 2552 1772 2614 pro
1820 2531 2064 2594 octuali
2112 2532 2388 2593 ceruis³e
2437 2530 2578 2592 XII
2626 2550 2716 2592 sc.

1215 2643 1448 2704 Miclas
1519 2641 1854 2702 Bohemo:
1922 2638 2079 2700 item
2136 2658 2259 2719 pro
2327 2638 2618 2718 piscibus
2681 2639 3061 2702 recentibus
3111 2639 3208 2700 VI
3254 2660 3342 2702 sc,
3407 2640 3566 2703 item
3625 2661 3746 2722 pro
3792 2643 3946 2703 oleo
3993 2642 4060 2704 ΙΙ
4107 2663 4194 2706 50.

997 2753 1157 2815 item
1206 2771 1329 2833 pro
1376 2746 1619 2812 octuali
1667 2745 1945 2809 ceruisie
1991 2744 2135 2807 XII
2182 2765 2273 2807 sc.

1208 2857 1364 2920 Dno
1413 2854 1715 2938 Sbigneo
1762 2852 2249 2934 protonotario:
2298 2853 2456 2914 item
2496 2873 2616 2933 pro
2653 2853 2946 2933 piscibus
2984 2855 3362 2916 recentibus
3400 2855 3500 2917 VI
3538 2876 3626 2918 50.
3673 2857 3832 2918 item
3879 2877 4002 2938 pro
4039 2860 4192 2920 oleo

994 2965 1061 3028 II
1108 2986 1198 3028 sc.
1243 2965 1402 3026 item
1451 2981 1573 3044 pro
1621 2961 1863 3024 octuali
1912 2958 2187 3022 ceruisie
2234 2958 2380 3020 XII
2426 2979 2517 3023 sc.

1204 3072 1361 3134 Dno
1409 3069 1707 3132 Hem-ico
1753 3069 1837 3130 de
1885 3066 2175 3152 Rogow:
2238 3067 2397 3127 item
2446 3086 2566 3147 pro
2614 3067 2904 3148 piscibus
2953 3069 3331 3132 recentibus
3381 3069 3478 3131 Vl
3526 3091 3614 3133 sc.
3661 3071 3820 3134 item
3869 3091 3992 3152 pro
4037 3072 4188 3134 oleo

990 3181 1058 3242 II
1108 3201 1197 3242 sc.
1243 3179 1403 3241 item
1452 3197 1573 3259 pro
1620 3173 1865 3237 octuali
1913 3173 2191 3238 ceruisie
2239 3173 2382 3236 XII
2429 3194 2515 3236 50.

1200 3287 1357 3348 Dno
1403 3283 1768 3346 Wlodconi
1805 3284 1891 3344 de
1931 3281 2255 3344 Valachia
2302 3281 2578 3362 hospiti:
2627 3282 2785 3344 item
2834 3303 2954 3363 pro
2994 3283 3286 3365 piscibus
3331 3285 3710 3349 recentibus
3747 3284 3848 3347 VI
3887 3306 3974 3348 sc.
4021 3287 4182 3350 item

988 3415 1107 3478 pro
1156 3396 1306 3457 oleo
1356 3391 1424 3454 ΙΙ
1470 3412 1559 3454 50.
1605 3390 1761 3453 item
1810 3408 1932 3471 pro
1981 3389 2225 3452 octuali
2272 3389 2553 3451 ceruisie
2602 3389 2744 3450 XII
2793 3409 2880 3452 se.

1202 3501 1377 3563 Duci
1424 3499 1779 3561 Romano:
1827 3497 1989 3559 item
2039 3516 2158 3578 pro
2207 3497 2500 3577 piscibus
2545 3497 2921 3560 recentibus
2971 3497 3073 3559 III
3119 3517 3208 3560 sc.
3256 3497 3412 3560 item
3462 3520 3584 3581 pro
3637 3501 3697 3580 ¹l2
3748 3501 3992 3563 octuali
4038 3520 4180 3563 cer-

984 3609 1150 3673 uisie
1196 3608 1297 3670 VI
1344 3627 1435 3670 sc.
1482 3605 1641 3668 item
1689 3625 1811 3686 pro
1859 3604 2007 3665 oleo
2054 3604 2086 3666 I
2132 3623 2224 3665 50.

1196 3715 1372 3778 Duci
1420 3711 1853 3794 Waszyloni:
1908 3711 2064 3772 item
2114 3731 2236 3792 pro
2283 3712 2578 3792 piscibus
2623 3711 2725 3773 III
2771 3731 2859 3773 se.
2925 3711 3082 3773 item
3130 3731 3252 3793 pro
3299 3714 3450 3775 oleo
3497 3713 3530 3776 I
3575 3734 3664 3777 sc.
3711 3714 3870 3776 item
3921 3735 4042 3797 pro
4101 3716 4162 3796 ΙΙ,

983 3823 1227 3886 octuali
1273 3821 1549 3885 ceruisie
1596 3820 1695 3882 VI
1743 3841 1831 3882 sc.

1196 3929 1476 3992 Doctori
1525 3929 1633 4010 (et)
1662 3926 2069 4009 provinciali,
2116 3924 2440 4009 magistro
2481 3926 2771 4005 Jacobo:
2819 3925 2978 3988 item
3029 3947 3152 4008 pro
3191 3927 3485 4008 piscibus
3530 3927 3910 3991 recentibus
3935 3927 4036 3991 VI
4083 3948 4170 3990 50.

978 4039 1137 4101 item
1186 4057 1306 4119 pro
1354 4038 1504 4099 oleo
1552 4034 1659 4114 ΙΙΙ,
1718 4055 1807 4097 50.
1856 4035 2015 4096 item
2061 4054 2183 4114 pro
2230 4035 2478 4096 octuali
2523 4033 2796 4096 ceruisie
2845 4033 2986 4096 XII
3033 4053 3122 4096 50.

1192 4145 1349 4206 Dno
1400 4143 1795 4206 Wlodconi:
1862 4141 2021 4203 item
2070 4160 2191 4222 pro
2258 4141 2550 4223 piscibus
2595 4141 2697 4202 III
2743 4161 2832 4204 sc.
2897 4141 3057 4203 item
3105 4162 3226 4223 pro
3273 4145 3424 4205 oleo
3472 4143 3503 4204 I
3552 4163 3641 4205 sc,
3707 4143 3868 4205 item
3915 4162 4038 4224 pro
4097 4143 4157 4221 ¹5,

979 4253 1225 4316 octuali
1272 4251 1548 4316 ceruisie
1586 4248 1688 4311 VI
1735 4269 1824 4312 sc.

1190 4359 1567 4422 Dederconi
1617 4356 1999 4419 falconiste:
2046 4355 2205 4417 item
2254 4374 2378 4436 pro
2425 4355 2718 4436 piscibus
2766 4354 2866 4416 III
2914 4376 3002 4418 sc.
3051 4355 3208 4418 item
3257 4376 3380 4438 pro
3425 4359 3577 4420 oleo
3624 4357 3657 4419 Ι
3703 4377 3793 4420 50.
3840 4357 4000 4418 item
4049 4377 4166 4438 pro

987 4471 1049 4550 ¹s2
1108 4467 1355 4530 octuali
1400 4463 1679 4528 ceruisie
1726 4462 1826 4525 VI
1873 4483 1961 4525 se.
3156 4521 3162 4528 .

1187 4575 1243 4636 F
1246 4573 1620 4654 falcowsky
1667 4571 2028 4634 subindici:
2076 4570 2232 4632 item
2283 4590 2406 4652 pro
2454 4569 2745 4651 piscibus
2785 4569 2885 4634 III
2924 4589 3013 4633 sc.
3060 4570 3217 4632 item
3265 4590 3389 4653 pro
3437 4571 3588 4634 oleo
3626 4571 3659 4632 I
3706 4591 3794 4633 sc.
3842 4570 4003 4634 item
4041 4591 4163 4653 pro

985 4685 1047 4761 ¹l2
1104 4682 1349 4745 octuali
1395 4679 1674 4743 ceruisie
1719 4677 1821 4740 VI
1869 4698 1959 4740 50.

1185 4788 1340 4850 Dno
1406 4785 1752 4850 Conrado:
1818 4785 1978 4847 item
2044 4804 2165 4865 pro
2229 4783 2522 4864 piscibus
2569 4783 2669 4846 III
2717 4803 2807 4846 sc.
2872 4785 3030 4846 item
3097 4804 3217 4865 pro
3281 4785 3433 4849 oleo
3481 4785 3513 4847 I
3557 4805 3649 4852 se.
3697 4785 3855 4847 item
3905 4805 4028 4867 pro
4087 4789 4148 4868 ll,

967 4896 1216 4960 octuali
1263 4894 1581 4976 (ceruisie)
1628 4893 1731 4955 VI
1778 4913 1867 4956 sc.

1181 5003 1339 5064 Dno
1386 4999 1815 5064 Wloczconi:
1881 5001 2040 5063 item
2091 5020 2212 5081 pro
2268 4999 2558 5080 piscibus
2607 4999 2707 5060 III
2753 5018 2842 5062 50.
2889 4998 3048 5062 item
3097 5018 3219 5080 pro
3267 4999 3416 5061 oleo
3461 4998 3494 5061 I
3539 5018 3630 5062 se.
3696 4999 3854 5061 item
3901 5020 4027 5081 pro
4087 5001 4148 5081 ΙΙ,

966 5109 1213 5174 octuali
1261 5108 1579 5190 (ceruisie)
1629 5107 1727 5169 VI
1774 5128 1863 5170 sc.

1178 5215 1673 5299 Mrzyglodsky
1718 5219 2089 5298 opprawcza
2109 5236 2133 5273 .·
2178 5213 2337 5276 item
2388 5234 2509 5294 pro
2555 5215 2848 5296 piscibus
2895 5215 2962 5276 II
3007 5235 3096 5278 sc.
3143 5214 3301 5277 item
3349 5234 3473 5296 pro
3516 5217 3669 5278 oleo
3717 5215 3749 5277 I
3795 5235 3894 5298 gr.

1176 5323 1487 5385 Incisori:
1535 5322 1691 5383 item
1742 5341 1864 5402 pro
1910 5321 2201 5403 piscibus
2249 5319 2282 5382 I
2329 5341 2418 5383 sc.
2466 5320 2625 5382 item
2674 5341 2796 5402 pro
2844 5322 2994 5384 oleo
3043 5323 3074 5384 I
3122 5343 3219 5405 gr.

1174 5431 1465 5492 Alberto
1512 5429 1839 5512 dyariste:
1888 5429 2045 5490 item
2094 5449 2215 5510 pro
2262 5427 2554 5508 piscibus
2600 5428 2668 5490 ΙΙ
2683 5427 2746 5508 ¹s2
2805 5448 2895 5491 sc.
2941 5428 3100 5492 item
3151 5449 3270 5511 pro
3315 5431 3466 5492 oleo
3513 5428 3546 5491 Ι
3591 5450 3680 5492 50.

1172 5537 1484 5620 Dyariste
1530 5557 1777 5599 auene:
1826 5537 1983 5598 item
2034 5556 2154 5616 pro
2200 5536 2492 5616 piscibus
2541 5535 2604 5596 II
2653 5555 2740 5596 50.
2790 5535 2948 5597 item
2997 5556 3118 5617 pro
3165 5539 3315 5599 oleo
3363 5535 3394 5597 I
3442 5557 3540 5620 gr.

1176 5644 1587 5708 Cancellario
1636 5644 2054 5706 Ruthenico:
2103 5643 2261 5705 item
2311 5663 2432 5724 pro
2480 5643 2770 5724 piscibus
2817 5643 2885 5704 ΙΙ
2931 5665 3022 5706 50.
3068 5643 3224 5705 item
3273 5665 3396 5724 pro
3440 5647 3592 5706 oleo
3641 5645 3670 5706 Ι
3719 5667 3817 5728 gr.
