4592 6559
991 499 1118 560 300
1513 495 1890 560 REJESTRA
1937 495 2204 560 STACYJ
2252 495 2545 546 DwoRu
2592 483 2864 546 KRoLA
2909 497 2937 545 1
2988 484 3421 563 KROLOWEJ.
3482 505 3665 564 1405·

1195 696 1370 760 Item
1417 696 1628 760 stacio
1673 696 1788 760 dni
1835 696 2058 780 Regis
2105 695 2168 758 in
2240 694 2555 768 Wzlrlicziz,
2597 699 2869 780 quando
2907 698 3091 760 venit
3134 697 3301 760 feria
3337 696 3439 760 VI
3476 697 3543 761 in
3582 698 3809 782 vigilia
3849 698 4179 782 Assump-

984 784 1207 868 cionis'
1237 804 1300 866 b.
1348 803 1566 867 Marie
1611 803 1888 887 virginis
1935 803 2226 887 gloriose
2275 804 2477 885 (14l8)
2524 805 2651 868 sub
2697 824 2877 867 anno
2924 805 3197 868 Domini
3244 803 3545 868 MCCCC
3591 805 3843 888 quinto.

1196 911 1370 974 Item
1417 910 1578 974 feria
1624 910 1725 973 VI
1775 909 1975 992 (14s8)
2023 913 2160 974 dno
2225 910 2413 994 Regi
2476 912 2563 974 ad
2609 911 2963 993 prandium
3028 912 3093 974 in
3160 911 3395 996 vigilia
3458 923 3655 994 prout
3716 933 3954 995 supra:
4018 913 4179 977 item

985 1038 1107 1101 pro
1153 1019 1449 1100 piscibus
1494 1018 1878 1080 recentibus
1924 1017 2034 1098 1¹!2
2093 1038 2254 1081 mar.
2320 1018 2479 1080 item
2526 1037 2649 1100 pro
2694 1019 2987 1101 piscibus
3048 1019 3393 1102 straeffusz,
3458 1039 3746 1102 quorum
3797 1020 3899 1083 III
3944 1040 4181 1104 sexag.

985 1145 1105 1208 per
1151 1125 1255 1188 III
1302 1145 1391 1188 sc.
1439 1126 1550 1188 IX
1595 1145 1684 1188 sc,
1750 1125 1908 1188 item
1957 1145 2079 1207 pro
2125 1126 2399 1200 cancriS,
2448 1146 2620 1208 quos
2674 1137 2903 1188 tamen
2968 1127 3336 1208 comparati
3383 1136 3553 1199 sunt,
3618 1127 3896 1210 quilibet
3942 1128 4184 1191 chorus

984 1253 1108 1315 per
1135 1231 1200 1294 V
1233 1251 1331 1317 gr.
1369 1247 1654 1316 quorum
1695 1231 1812 1306 IV,
1851 1232 1926 1294 X
1962 1233 2148 1306 scoti,
2185 1233 2343 1295 item
2382 1233 2619 1315 pisum,
2658 1232 2949 1306 mileum,
2986 1233 3101 1304 sal,
3142 1253 3323 1314 cepe,
3360 1233 3485 1295 ista
3522 1233 3807 1315 propria,
3855 1235 4013 1298 item
4060 1255 4183 1318 pro

989 1338 1087 1404 IV
1137 1339 1511 1404 octualibus
1556 1339 1850 1414 ceruisie,
1899 1339 2250 1422 quodlibet
2294 1341 2559 1403 octuale
2604 1360 2727 1422 per
2771 1339 2942 1403 VIII
2990 1352 3152 1403 scot.
3200 1339 3231 1402 Ι
3280 1360 3441 1402 mar.
3489 1339 3661 1404 VIII
3708 1341 3889 1404 scoti.

1203 1447 1374 1511 Item
1425 1447 1858 1512 marsalconi:
1922 1449 2082 1510 item
2132 1467 2254 1530 pro
2301 1445 2594 1529 piscibus
2658 1447 3037 1511 recentibus
3083 1446 3184 1509 VI
3232 1445 3417 1521 scoti,
3481 1448 3639 1511 item
3708 1469 3831 1530 pro
3895 1450 4189 1531 piscibus

989 1555 1181 1619 siccis
1226 1555 1294 1619 II
1340 1555 1528 1628 scoti,
1574 1555 1734 1618 item
1783 1575 1906 1636 pro
1953 1555 1984 1617 Ι
2033 1555 2277 1618 octuali
2325 1555 2601 1618 ceruisie
2649 1553 2823 1617 VIII
2868 1555 3052 1618 scoti.

1205 1663 1375 1726 Item
1426 1661 1578 1725 duci
1625 1661 1941 1724 Bolconi:
1995 1661 2156 1724 item
2205 1683 2328 1744 pro
2374 1661 2666 1744 piscibus
2710 1663 3092 1725 recentibus
3137 1661 3275 1725 VII
3322 1662 3509 1737 scoti,
3556 1663 3715 1726 item
3764 1683 3887 1745 pro
3934 1665 4190 1728 cancris

991 1770 1058 1833 ΙΙ
1106 1769 1289 1844 scoti,
1337 1769 1496 1832 item
1542 1789 1667 1852 pro
1713 1769 2006 1852 piscibus
2051 1769 2242 1832 siccis
2290 1770 2435 1848 II¹l2
2492 1769 2680 1844 scoti,
2726 1769 2887 1832 item
2936 1790 3059 1851 pro
3106 1770 3137 1831 I
3184 1770 3433 1832 octuali
3479 1770 3759 1833 ceruisie
3797 1770 3967 1835 VIII
4006 1772 4190 1836 scoti.

1206 1878 1378 1940 Item
1446 1880 1582 1940 dno
1645 1877 1925 1940 Nicolao
1991 1876 2573 1940 vicecancellario:
2639 1877 2798 1940 item
2862 1897 2985 1958 pro
3054 1877 3346 1958 piscibus
3411 1877 3792 1941 recentibus
3839 1877 3942 1940 VI
4006 1880 4190 1952 scoti,

994 1986 1152 2049 item
1199 2005 1324 2066 pro
1370 1984 1666 2067 piscibus
1709 1983 1902 2046 siccis
1949 1985 2016 2047 II
2062 1985 2246 2058 scoti,
2312 1982 2473 2046 item
2523 2004 2645 2066 pro
2691 1984 2950 2048 cancris
2997 1985 3029 2046 Ι
3074 1995 3236 2048 scot.
3300 1985 3459 2048 item
3508 2005 3633 2066 pro
3680 1985 3711 2046 Ι
3758 1986 4005 2050 octuali
4050 2007 4191 2050 cer-

991 2092 1157 2156 uisie
1203 2092 1372 2154 VIII
1419 2093 1605 2158 scoti.

1209 2199 1380 2262 Item
1432 2199 1772 2262 Ruthenis
1816 2199 2182 2262 falconistis
2229 2219 2385 2262 cum
2426 2199 2570 2262 aliis
2611 2199 2880 2261 Polonis
2918 2220 3119 2280 super
3156 2199 3363 2262 diaria
3410 2201 3705 2283 ipsorum
3752 2203 4194 2282 exponendo:

997 2307 1154 2370 item
1203 2327 1324 2388 pro
1370 2307 1664 2390 piscibus
1728 2306 2105 2370 recentibus
2153 2307 2302 2369 XX
2350 2307 2534 2380 scoti,
2600 2306 2759 2368 item
2806 2326 2931 2389 pro
2996 2306 3285 2388 piscibus
3348 2306 3694 2378 stracfusz,
3760 2328 4046 2390 quorum
4094 2307 4194 2370 VI

998 2435 1232 2498 sexag.
1280 2413 1578 2497 quelibet
1623 2435 1858 2498 sexag.
1906 2435 2026 2497 per
2071 2415 2172 2477 III
2220 2426 2381 2477 scot.
2428 2413 2589 2477 facit
2635 2414 2883 2477 XVIII
2930 2427 3091 2477 scot.
3140 2415 3299 2476 item
3340 2434 3463 2496 pro
3502 2414 3602 2478 III
3642 2415 4017 2478 octualibus
4055 2435 4197 2478 cer-

999 2523 1180 2596 uisie,
1228 2522 1578 2605 quodlibet
1625 2523 1887 2585 octuale
1933 2543 2054 2604 per
2101 2521 2270 2584 VIII
2321 2513 2483 2585 scot.
2531 2520 2690 2585 facit
2736 2521 2767 2583 Ι
2816 2541 2976 2584 mar.

1214 2630 1498 2693 Summa
1543 2629 1720 2692 diete
1766 2629 1938 2692 VIII
1987 2649 2146 2692 mar.
2195 2629 2305 2690 IX
2352 2629 2519 2693 scoti
2568 2629 2597 2690 I
2647 2649 2745 2712 gr.

1213 2736 1515 2800 Sabbato
1561 2737 1706 2818 ipso
1753 2737 1859 2799 die
1905 2738 1968 2799 b.
2015 2735 2227 2798 Mario
2276 2738 2479 2818 (15s8)
2538 2737 2675 2798 dno
2723 2736 2911 2818 Regi
2958 2738 3043 2798 ad
3092 2737 3483 2816 prandium:
3530 2737 3689 2800 item
3735 2758 3862 2819 pro
3908 2737 4200 2819 piscibus

1001 2843 1384 2907 recentibus
1431 2844 1497 2907 II
1548 2865 1706 2906 mar.
1753 2844 1910 2906 item
1959 2863 2081 2926 pro
2129 2843 2423 2924 piscibus
2469 2843 2660 2906 siccis
2710 2843 2850 2904 XV
2897 2843 3079 2915 scoti,
3130 2843 3289 2905 item
3336 2863 3459 2925 pro
3506 2843 3609 2907 IV
3655 2844 3875 2908 choris
3921 2847 4007 2907 de
4044 2865 4201 2908 can·

1001 2951 1147 3024 criS‚
1193 2951 1472 3033 quilibet
1539 2952 1779 3014 chorus
1843 2970 1964 3032 per
2011 2949 2073 3010 V
2123 2971 2222 3033 gr.
2270 2950 2342 3011 X
2392 2971 2479 3012 sc.
2544 2950 2703 3012 item
2770 2971 2891 3032 pro
2940 2950 3085 3012 VIC
3133 2970 3453 3024 oworum,
3517 2949 3865 3034 quodlibet
3929 2961 4199 3015 centum

1004 3079 1121 3140 per
1179 3059 1241 3138 Ἃ,
1301 3079 1389 3122 se.
1439 3057 1546 3122 IX
1595 3079 1683 3121 se.
1749 3058 1908 3120 item
1959 3077 2078 3138 pro
2126 3058 2228 3120 III
2277 3059 2425 3120 ollis
2470 3057 2687 3130 butiri,
2753 3057 3050 3139 quelibet
3116 3059 3250 3120 olla
3292 3079 3413 3139 per
3461 3059 3563 3120 III
3610 3079 3699 3121 sc.
3747 3057 3851 3120 IX
3904 3079 3993 3122 sc.
4040 3059 4199 3122 item

1003 3165 1070 3229 II
1118 3186 1351 3249 sexag.
1399 3185 1764 3234 caseorum.
1813 3165 2108 3246 quelibet
2153 3185 2391 3248 sexag.
2440 3185 2558 3246 per
2608 3164 2703 3226 VI
2753 3185 2840 3227 sc,
2890 3164 3031 3226 XII
3081 3185 3169 3226 sc,
3236 3165 3391 3226 item
3460 3186 3583 3247 pro
3648 3166 3820 3229 lacte
3868 3178 3934 3228 et
3980 3187 4203 3229 crema
4286 3155 4294 3168 ’

1005 3273 1106 3338 IV
1153 3273 1336 3347 scoti,
1382 3273 1543 3337 item
1591 3293 1712 3355 pro
1761 3273 1861 3335 VI
1909 3272 2284 3336 octualibus
2348 3272 2645 3346 ceruisie,
2712 3272 3059 3354 quodlibet
3124 3274 3387 3336 octuale
3452 3293 3575 3354 per
3623 3273 3787 3334 VIII
3836 3285 3999 3336 scot.
4046 3273 4205 3336 facit

1004 3381 1114 3463 I¹l2
1175 3402 1336 3446 mar.

1220 3491 1390 3552 Item
1438 3490 1590 3553 duci
1639 3488 1956 3552 Bolconi:
2021 3487 2184 3550 item
2233 3507 2357 3570 pro
2404 3487 2697 3568 piscibus
2744 3488 3126 3550 recentibus
3175 3487 3271 3548 VI
3320 3489 3504 3557 scoti,
3570 3487 3728 3550 item
3776 3509 3901 3568 pro
3948 3489 4205 3550 cancris

1007 3597 1116 3677 I¹l2
1175 3608 1336 3660 scot.
1383 3595 1540 3660 item
1607 3616 1728 3678 pro
1776 3595 1828 3658 C
1877 3615 2177 3658 oworum
2227 3595 2339 3674 1212
2398 3605 2561 3656 scot.
2628 3595 2786 3658 item
2834 3615 2957 3675 pro
3004 3595 3138 3656 olla
3202 3596 3397 3657 butiri
3446 3595 3513 3658 II
3561 3595 3746 3668 scoti,
3794 3596 3955 3658 item
4002 3616 4125 3678 pro
4172 3597 4205 3658 I

1005 3704 1253 3768 octuali
1301 3703 1577 3767 ceruisie
1624 3702 1798 3765 VIII
1844 3703 2028 3766 scoti.

1219 3811 1390 3874 Item
1441 3810 1874 3874 marsalconi:
1941 3811 2098 3872 item
2166 3831 2288 3891 pro
2354 3810 2647 3891 piscibus
2712 3809 3089 3871 recentibus
3136 3809 3235 3870 VI
3284 3811 3469 3885 scoti,
3526 3811 3683 3874 item
3734 3831 3855 3893 pro
3902 3810 3977 3872 lc
4028 3832 4207 3872 owo-

1007 3939 1156 3982 rum
1205 3918 1314 4000 ΙΙΙ2
1373 3918 1557 3992 scoti,
1606 3919 1763 3980 item
1810 3938 1934 4000 pro
1980 3918 2115 3980 olla
2171 3917 2369 3979 butiri
2416 3916 2481 3978 Il
2532 3917 2715 3989 scoti,
2779 3917 2937 3978 item
3004 3935 3127 3998 pro
3174 3917 3431 3978 cancris
3476 3918 3587 3998 1¹!²
3644 3939 3733 3980 sc.
3798 3919 3957 3980 item
4004 3939 4127 4000 pro
4174 3918 4209 3980 1

1008 4026 1256 4090 octuali
1304 4024 1579 4101 ceruisie
1626 4024 1798 4087 VIII
1843 4025 2025 4088 scoti.

1223 4131 1395 4194 Item
1444 4132 1581 4193 dno
1640 4129 1923 4194 Nicolao
1988 4130 2573 4194 vicecancellario:
2641 4131 2797 4192 item
2865 4151 2989 4213 pro
3054 4131 3347 4212 piscibus
3412 4131 3791 4194 recentibus
3839 4132 3973 4194 VII
4020 4133 4206 4206 scoti,

1009 4239 1168 4304 item
1217 4260 1340 4322 pro
1388 4238 1441 4303 C
1489 4257 1790 4301 oworum
1848 4239 1959 4317 I¹l2
2017 4258 2106 4302 se.
2171 4238 2329 4300 item
2398 4258 2519 4318 pro
2585 4238 2844 4300 cancris
2892 4237 2957 4299 II
3004 4237 3186 4311 scoti,
3251 4237 3409 4300 item
3476 4259 3597 4319 pro
3662 4239 3797 4301 olla
3861 4237 4057 4302 butiri
4104 4238 4203 4300 III

1011 4348 1195 4423 scoti,
1239 4346 1400 4410 item
1449 4366 1572 4430 pro
1619 4347 1648 4408 I
1698 4346 1944 4409 octuali
1991 4343 2266 4408 ceruisie
2318 4344 2486 4408 VIII
2532 4344 2715 4408 scoti.

1225 4455 1397 4518 Item
1443 4452 1811 4516 falcon'istis
1857 4473 2010 4516 cum
2061 4451 2333 4516 Polonis
2398 4452 2607 4515 eciam
2658 4462 2725 4513 et
2772 4471 2922 4514 cum
2992 4451 3329 4514 Ruthenis
3394 4473 3594 4534 super
3658 4453 3867 4515 diaria
3910 4454 4206 4534 ipsorum

1013 4563 1456 4645 exponendo:
1502 4561 1665 4624 item
1713 4579 1834 4642 pro
1879 4557 2173 4641 piscibus
2219 4559 2603 4622 recentibus
2648 4557 2897 4621 XVIII
2946 4559 3130 4632 scoti,
3198 4559 3355 4621 item
3406 4580 3527 4641 pro
3576 4559 3831 4623 cancris
3876 4559 3977 4622 IV
4024 4559 4209 4634 scoti,

1011 4669 1173 4734 item
1221 4688 1344 4751 pro
1391 4666 1571 4731 VIIC
1619 4687 1939 4740 oworum,
2005 4665 2354 4748 quodlibet
2419 4685 2539 4748 per
2604 4665 2712 4744 1¹⁵1„
2788 4675 2951 4729 scot.
2999 4664 3157 4728 facit
3220 4675 3321 4728 tot
3386 4666 3495 4728 IX
3560 4687 3647 4730 sc.
3713 4667 3873 4728 item
3938 4687 4059 4749 pro
4107 4666 4209 4730 111

1015 4779 1163 4843 ollis
1210 4774 1426 4849 butiri,
1475 4773 1774 4858 quelibet
1820 4775 1956 4836 olla
2001 4793 2122 4856 per
2169 4773 2271 4834 III
2321 4793 2421 4856 gr.
2470 4771 2569 4834 IV
2619 4793 2706 4835 sc,
2754 4772 2911 4834 item
2960 4793 3084 4855 pro
3132 4793 3373 4854 pecore
3418 4793 3622 4855 super
3670 4774 4027 4836 Ruthenos
4062 4795 4209 4856 spe-

1016 4887 1266 4950 cialiter
1311 4905 1435 4968 pro
1483 4882 1704 4945 diariis
1747 4884 2044 4964 ipsorum
2093 4879 2244 4943 XX
2291 4880 2475 4952 scoti,
2523 4880 2683 4942 item
2729 4900 2853 4961 pro
2902 4879 3130 4942 XXX
3176 4881 3373 4962 pullis
3418 4901 3540 4962 per
3600 4881 3661 4960 ¹2¹2
3721 4901 3821 4963 gr.
3859 4879 3995 4943 VII
4012 4881 4074 4962 ¹1'2
4124 4902 4211 4944 se.

1017 4993 1172 5057 item
1220 5013 1343 5075 pro
1393 4992 1492 5054 III
1541 4990 1916 5054 octualibus
1964 4987 2258 5060 ceruisie‚
2308 4987 2657 5070 quodlibet
2704 4997 2971 5049 centum
3022 5007 3142 5068 per
3193 4987 3359 5050 VIII
3406 5008 3497 5050 sc,
3547 4988 3573 5049 I
3624 5007 3784 5051 mar.

1231 5101 1399 5164 Item
1451 5102 1587 5163 dno
1636 5097 1821 5181 Regi
1886 5099 1972 5160 ad
2019 5116 2290 5158 cenam:
2361 5097 2519 5158 item
2587 5115 2709 5177 pro
2771 5093 3065 5176 piscibus
3131 5095 3512 5157 recentibus
3556 5095 3775 5158 XXII
3824 5096 4007 5169 scoti,
4055 5096 4213 5158 item

1019 5229 1144 5292 pro
1191 5209 1448 5270 cancris
1496 5207 1596 5269 III
1645 5206 1828 5278 scoti,
1875 5205 2036 5267 item
2095 5224 2216 5286 pro
2269 5203 2409 5264 VIC
2470 5222 2792 5275 oworum,
2857 5214 3056 5284 prout
3120 5221 3321 5282 supra
3368 5201 3475 5262 IX
3524 5203 3707 5276 scoti,
3754 5203 3913 5265 item
3976 5223 4103 5286 pro
4148 5203 4211 5265 II

1021 5315 1168 5378 ollis
1214 5314 1410 5376 butiri
1461 5313 1592 5375 VII
1643 5313 1824 5386 scoti,
1893 5313 2054 5375 item
2102 5332 2222 5392 pro
2271 5313 2447 5372 lacte
2494 5321 2560 5371 et
2624 5330 2850 5371 crema
2898 5310 2996 5372 III
3046 5309 3229 5384 scoti,
3295 5310 3455 5371 item
3524 5329 3646 5390 pro
3694 5310 3793 5370 IV
3842 5309 4213 5373 octualibus

1021 5422 1316 5495 ceruisie,
1363 5420 1708 5503 quodlibet
1753 5421 2014 5482 octuale
2062 5439 2183 5502 per
2231 5417 2403 5479 VIII
2450 5429 2611 5479 scot.
2666 5417 2693 5480 1
2742 5437 2901 5480 mar.
2951 5417 3117 5480 VIII
3168 5416 3351 5480 scoti.

1236 5527 1517 5592 Summa
1565 5527 1738 5590 diete
1787 5527 1927 5591 XV
1977 5547 2136 5590 mar.
2186 5526 2294 5588 IX
2343 5545 2441 5607 gr.
2488 5525 2587 5586 III
2636 5526 2785 5586 den.

1237 5633 1590 5700 Dominica
1621 5635 1928 5719 proxima
1965 5646 2116 5716 post
2155 5634 2401 5696 festum
2444 5632 2957 5714 Assumpcionis
2996 5654 3044 5694 s,
3086 5632 3297 5694 Marie
3334 5631 3628 5715 Virginis
3666 5632 3955 5714 gloriose
3996 5637 4215 5713 (iostss).
