4592 6559
807 438 1185 504 REJESTRA
1236 427 1658 500 WA‘TROBKI
1708 440 2365 502 WIELKoRzADZCY
2415 439 3074 490 KRAKOWSKIEGO.
3133 431 3313 506 1418.
3533 449 3660 508 519
3765 419 3782 434 ‘

671 638 844 702 Item
891 638 1055 703 feria
1098 650 1295 704 sexta
1340 640 1601 724 Mag-na
1647 641 1848 725 (2513)
1898 643 2082 704 venit
2127 639 2546 714 Cracouiam,
2595 641 2701 704 cui
2739 662 2828 704 ex
2866 643 3188 704 mandato
3235 642 3658 708 dominorum

458 745 684 809 omnia
728 747 1105 811 necessaria
1151 748 1537 812 victualium
1584 759 1741 812 sunt
1787 750 2175 813 ministrata.

670 852 842 917 Item
888 875 1013 938 pro
1060 857 1326 919 duobus
1374 856 1679 920 curribus
1724 856 1877 930 feni,
1940 858 2097 940 quia
2142 855 2371 920 fenum
2429 857 2497 919 in
2545 857 2885 939 stacio(ne)
2933 857 3396 920 coronacionis
3444 877 3654 939 expo-

453 960 655 1024 situm
682 961 823 1036 fuit,
868 963 1150 1046 quilibet
1174 985 1296 1046 per
1322 963 1424 1027 IV
1440 962 1501 1044 ιΙ2
1548 985 1648 1049 gr.
1696 964 1759 1027 in
1790 975 1934 1028 toto
1963 965 2073 1028 IX
2111 986 2209 1050 gr.
2257 966 2419 1028 item
2447 985 2570 1048 pro
2600 964 2826 1028 II-bus
2853 964 3182 1028 mensuris
3217 984 3449 1038 auene,
3497 986 3657 1048 que-

454 1069 617 1132 libet
662 1089 977 1134 mensura
1021 1091 1145 1154 per
1189 1071 1299 1134 IX
1347 1092 1447 1156 gr.
1494 1071 1561 1134 in
1608 1082 1754 1135 toto
1800 1071 1960 1136 facit
2007 1073 2116 1136 IX
2164 1083 2330 1136 scot.

669 1176 841 1242 Item
888 1178 997 1242 die
1042 1179 1309 1242 sabbati
1352 1179 1419 1242 in
1466 1179 1695 1262 vigilia
1752 1179 2010 1243 Pasche
2058 1179 2259 1263 (2613)
2326 1181 2412 1242 ad
2459 1179 2812 1262 prandium
2863 1199 2983 1262 pro
3029 1179 3330 1261 piscibus
3374 1181 3656 1244 recenti-

454 1283 581 1347 bus
628 1293 697 1346 et
742 1285 1063 1348 allecibus
1107 1285 1281 1348 VIII
1326 1307 1415 1351 se.
1464 1286 1637 1350 Item
1685 1307 1807 1370 pro
1854 1288 2005 1350 oleo
2052 1300 2119 1350 et
2164 1288 2438 1350 simellis
2485 1287 2552 1349 II
2601 1307 2700 1370 gr.
2768 1287 2939 1349 Item
2989 1307 3110 1368 pro
3157 1308 3292 1350 vna
3338 1289 3471 1350 olla
3518 1289 3655 1351 vini

452 1389 751 1473 quinque
797 1413 899 1476 gr.
944 1413 1071 1456 sex
1116 1394 1267 1458 den.
1332 1395 1503 1458 Item
1553 1415 1676 1476 pro
1722 1394 1936 1457 tribus
1983 1394 2287 1458 curribus
2353 1393 2489 1456 feni
2553 1414 2756 1476 super
2818 1404 2956 1456 tres
3000 1393 3159 1468 dim,
3207 1395 3458 1458 scilicet
3503 1397 3655 1459 sab-

450 1497 704 1572 batum,
751 1499 1158 1564 dominicum
1197 1511 1263 1564 et
1299 1501 1531 1564 feriam
1580 1504 1968 1577 secundam,
2014 1502 2292 1584 quilibet
2339 1521 2460 1584 per
2506 1502 2801 1584 quinque
2840 1523 2938 1585 gr.
2977 1503 3043 1563 in
3085 1511 3230 1565 toto
3266 1502 3425 1566 facit
3463 1504 3652 1587 quin-

451 1603 669 1668 decim
718 1627 818 1690 gr.
863 1606 1037 1671 Item
1083 1629 1205 1690 pro
1252 1629 1378 1672 sex
1424 1609 1754 1673 mensuris
1811 1630 2025 1672 auene
2073 1630 2278 1691 super
2325 1611 2595 1672 easdem
2643 1619 2782 1671 tres
2827 1609 2987 1685 dies,
3033 1611 3331 1692 quelibet
3375 1632 3496 1692 per
3543 1611 3652 1673 IX

448 1731 549 1792 gr.
597 1712 661 1776 in
708 1722 853 1777 toto
896 1714 1056 1779 facit
1101 1716 1136 1779 I
1180 1737 1342 1780 mar.
1399 1727 1537 1780 tres
1578 1727 1743 1780 scot.
1813 1718 1983 1780 Item
2032 1736 2155 1800 pro
2202 1737 2338 1778 vno
2385 1717 2632 1780 octuali
2699 1717 2978 1780 ceruisie
3026 1717 3212 1780 XIX
3259 1731 3422 1780 scot.
3472 1719 3503 1781 I
3552 1739 3650 1802 gr.

662 1820 833 1884 Item
881 1822 989 1886 die
1053 1824 1390 1887 dominico
1449 1824 1707 1887 Pasche
1755 1825 1956 1907 (²7l3)
2021 1825 2207 1887 solus
2270 1824 2673 1887 comedebat
2737 1826 2918 1906 apud
2983 1825 3328 1887 dominum
3397 1826 3650 1907 episco-

444 1946 626 2007 pum,
672 1929 794 1992 sed
839 1927 1089 1994 familia
1135 1931 1202 1994 in
1250 1933 1473 1996 domo,
1529 1932 1702 1995 Item
1751 1952 1873 2014 pro
1920 1932 2237 1996 carnibus
2285 1930 2548 1994 bouinis
2595 1941 2753 1993 octo
2799 1951 2899 2014 gr.
2947 1931 3118 1993 Item
3168 1952 3288 2013 pro
3336 1932 3650 1996 carnibus

442 2033 735 2098 vitulinis
781 2047 1070 2118 quatuor
1116 2057 1215 2122 gr.
1263 2038 1435 2102 Item
1482 2060 1606 2121 pro
1653 2041 1843 2103 lardo
1888 2048 2025 2102 tres
2070 2059 2170 2123 gr.
2236 2039 2408 2102 Item
2456 2039 2696 2121 pisum,
2742 2039 2994 2101 milium
3047 2051 3188 2102 erat
3235 2041 3320 2101 de
3369 2040 3648 2123 allodijs

658 2142 829 2206 Item
876 2143 1041 2208 feria
1086 2149 1385 2211 secunda
1438 2147 1745 2230 sequenti
1793 2148 1995 2232 (2813)
2060 2166 2185 2229 pro
2231 2147 2542 2210 carnibus
2588 2145 2850 2209 bouinis
2898 2157 2966 2209 et
3013 2146 3325 2220 vituliniS,
3391 2147 3645 2210 lardine

442 2249 739 2332 quinque
784 2261 948 2316 scot.

656 2357 827 2422 Item
876 2359 1039 2424 feria
1083 2363 1290 2426 tercia
1334 2363 1645 2446 proxima
1692 2373 1845 2446 post
1902 2361 2149 2425 festum
2196 2363 2455 2425 Pasche
2504 2361 2706 2445 (2913)
2756 2364 2842 2424 ad
2887 2362 3242 2444 prandium
3293 2372 3360 2425 et
3406 2364 3493 2425 ad
3540 2384 3645 2425 ce-

440 2483 616 2526 nam.
665 2465 837 2530 Item
883 2488 1006 2549 pro
1053 2471 1365 2534 carnibus
1412 2471 1673 2534 bouinis
1703 2491 1829 2534 sex
1860 2491 1959 2555 gr.
2007 2470 2181 2533 Item
2227 2489 2352 2552 pro
2399 2471 2597 2552 pullis
2644 2479 2932 2552 quatuor
2978 2490 3076 2553 gr.
3124 2469 3297 2533 Item
3345 2490 3467 2552 pro
3517 2472 3644 2535 lar-

442 2571 595 2634 dine
643 2573 711 2636 ΙΙ
755 2585 919 2640 scot.

653 2679 936 2745 Summa
979 2684 1173 2748 huius
1218 2683 1376 2748 facit
1420 2687 1509 2748 ab
1556 2685 1685 2748 alia
1731 2705 1995 2749 summa
2041 2684 2198 2750 facit
2247 2687 2320 2767 (s)
2369 2696 2661 2768 quatuor
2703 2705 2866 2748 mar.
2913 2683 3058 2747 XV
3102 2694 3267 2748 scot.
3313 2705 3442 2748 sex
3489 2687 3642 2750 den.

651 2787 823 2852 Item
870 2791 1109 2872 pisum,
1154 2793 1411 2856 milium
1458 2795 1543 2856 de
1592 2793 1851 2876 allodijS
1896 2804 2104 2856 erant.
2151 2793 2326 2856 Item
2375 2814 2498 2876 pro
2544 2792 2820 2856 simellis
2867 2812 3041 2855 vnus
3088 2812 3188 2876 gr.
3234 2793 3267 2854 Ι
3317 2813 3415 2876 gr.
3464 2794 3636 2857 Item

436 2910 561 2973 pro
606 2913 742 2957 vno
789 2915 985 2961 curru
1032 2898 1168 2962 feni
1214 2901 1513 2984 quinque
1559 2920 1659 2984 gr.
1705 2900 1875 2963 Item
1927 2920 2051 2982 pro
2098 2902 2363 2963 duabus
2409 2900 2740 2963 mensuris
2787 2919 3002 2962 auene
3049 2899 3160 2962 IX
3205 2912 3368 2964 scot.

651 3002 821 3070 Item
868 3005 1032 3069 feria
1077 3017 1315 3090 quarta
1363 3009 1565 3092 (3013)
1631 3008 1720 3071 ad
1783 3009 2138 3090 prandium
2200 3028 2324 3090 pro
2388 3008 2684 3090 piscibus
2747 3018 3038 3090 quatuor
3081 3018 3243 3070 scot.
3307 3007 3468 3070 item
3513 3029 3636 3090 pro

434 3106 581 3172 ouis
626 3119 763 3174 tres
810 3133 909 3196 gr.
954 3113 1113 3177 item
1161 3136 1285 3198 pro
1331 3115 1569 3190 butir0‚
1617 3116 1831 3178 caseis
1878 3124 2167 3198 quatuor
2214 3137 2313 3200 gr.
2379 3116 2539 3179 item
2587 3136 2708 3197 pro
2755 3113 3031 3178 simellis
3077 3115 3110 3177 I
3158 3135 3255 3199 gr.
3303 3115 3464 3178 item
3512 3137 3634 3198 pro

432 3214 465 3276 I
504 3235 704 3284 curru
741 3217 876 3282 feni
910 3221 1207 3306 quinque
1246 3243 1347 3307 gr.
1382 3224 1544 3285 item
1591 3244 1713 3305 pro
1751 3224 2015 3286 duabus
2052 3223 2380 3286 mensuris
2417 3243 2634 3286 auene
2672 3223 2782 3285 IX
2819 3243 2909 3284 sc.
2956 3220 3114 3285 item
3153 3243 3277 3304 pro
3315 3223 3348 3285 I
3386 3225 3633 3286 octuali

430 3323 709 3388 ceruisie
756 3326 959 3392 XIX.
987 3339 1147 3392 scot.
1194 3331 1229 3392 I
1276 3351 1375 3415 gr.

642 3432 813 3496 Item
860 3434 1025 3499 feria
1068 3437 1308 3520 quinta.
1346 3438 1654 3521 sequenti
1702 3439 1903 3523 (3113)
1948 3459 2073 3522 pro
2102 3437 2416 3502 carnibus
2446 3445 2514 3500 et
2542 3437 2907 3500 lai-dinibus
2933 3437 3231 3520 quinque
3261 3449 3422 3502 scot.
3471 3438 3630 3502 item

428 3557 549 3619 pro
596 3541 793 3621 pullis
842 3543 1059 3606 eidem
1106 3547 1193 3607 ad
1247 3546 1604 3628 prandium
1652 3544 1721 3609 ΙΙ
1768 3567 1858 3610 sc.
1924 3547 2083 3609 item
2104 3565 2251 3628 -pro
2297 3545 2574 3608 simellis
2621 3544 2653 3606 I
2700 3563 2800 3627 gr.
2866 3543 3024 3607 item
3074 3564 3199 3626 pro
3245 3565 3382 3607 vno
3429 3565 3628 3608 curru

426 3642 561 3714 feni
624 3647 805 3729 IV¹l2
863 3671 963 3734 gr.
1026 3651 1185 3716 item
1252 3673 1374 3736 pro
1438 3656 1701 3718 duabus
1765 3653 2093 3717 mensuris
2158 3673 2374 3716 auene
2439 3651 2548 3716 IX
2614 3661 2777 3714 scot.
2841 3651 3032 3714 item‹
3068 3652 3306 3734 pisum,
3373 3653 3626 3716 milium

424 3764 617 3817 erant
662 3756 748 3818 de
794 3758 1057 3822 allodio.
1105 3760 1277 3824 Item
1325 3763 1411 3824 ad
1458 3780 1694 3824 cenam
1741 3761 1979 3824 eodem
2030 3761 2137 3824 die
2178 3780 2300 3842 pro
2337 3759 2536 3842 pullis
2575 3769 2710 3822 tres
2748 3780 2846 3843 gr.
2895 3760 3052 3822 item
3093 3779 3218 3841 pro
3256 3780 3392 3822 vno
3429 3780 3625 3823 curru

422 3859 559 3924 feni
605 3873 893 3945 quatuor
940 3887 1042 3950 gr.
1086 3867 1246 3930 item
1293 3889 1417 3950 pro
1464 3869 1726 3933 duabus
1784 3867 2115 3933 mensuris
2178 3887 2410 3939 auene,
2477 3867 2782 3949 quelibet
2840 3886 3153 3930 mensura
3199 3887 3322 3949 per
3368 3867 3476 3930 IX
3524 3889 3627 3952 gr.

420 3969 489 4031 in
535 3980 680 4034 toto
726 3971 884 4036 facit
929 3973 1039 4037 IX
1084 3985 1249 4040 scot.

636 4079 807 4144 Item
852 4081 1018 4146 feria
1063 4093 1255 4146 sexta
1304 4083 1612 4168 sequenti
1659 4082 1815 4166 (1s4)
1882 4085 1967 4146 ad
2016 4083 2371 4165 prandium
2418 4101 2542 4165 pro
2587 4081 2882 4164 piscibus
2928 4082 3314 4144 recentibus
3360 4082 3471 4144 IX
3522 4103 3622 4165 gr.

418 4183 581 4249 item
627 4207 749 4270 pro
807 4189 957 4252 oleo
1004 4190 1037 4252 Ι
1084 4211 1184 4272 gr.
1248 4191 1407 4253 item
1472 4191 1712 4273 pisum,
1778 4190 2033 4253 milium
2100 4201 2291 4253 erant
2353 4189 2640 4272 propria,
2705 4188 2865 4250 item
2932 4207 3054 4270 pro
3119 4188 3393 4251 simellis
3440 4189 3472 4252 Ι
3501 4209 3623 4272 gr.

418 4291 581 4356 item
628 4314 753 4376 pro
799 4296 832 4358 I
878 4316 1077 4360 curru
1123 4296 1260 4360 feni
1306 4308 1599 4381 quatuor
1645 4317 1744 4381 gr.
1791 4297 1949 4360 item
1999 4317 2120 4379 pro
2168 4297 2468 4379 quinque
2515 4296 2688 4359 coris
2735 4315 2950 4357 auene
3000 4294 3141 4356 XV
3189 4317 3287 4378 gr.

632 4399 919 4468 Summa.
962 4406 1275 4468 columne
1320 4405 1519 4467 huius
1563 4403 1723 4468 facit
1768 4413 2057 4486 quatuor
2102 4424 2364 4467 marcas
2413 4404 2479 4465 II
2495 4403 2558 4484 11,Ι
2618 4423 2719 4487 gr.

629 4508 805 4573 Item
853 4511 959 4574 die
1006 4512 1289 4574 sabbato
1356 4511 1512 4594 (214)
1580 4513 1669 4574 ad
1731 4511 2086 4593 prandium
2154 4519 2223 4572 et
2266 4513 2370 4573 ad.
2419 4531 2656 4574 cenam
2723 4530 2845 4592 pro
2892 4510 3186 4592 piscibus
3233 4511 3616 4574 recentibus

416 4625 707 4695 quatuor
749 4627 910 4682 scot.
976 4619 1137 4682 item
1186 4638 1308 4701 pro
1356 4619 1518 4692 ouiS,
1567 4618 1789 4681 butiro
1834 4618 2131 4700 quinque
2179 4638 2279 4702 gr.
2345 4618 2506 4680 item
2555 4638 2676 4700 pro
2723 4618 2995 4681 simellis
3041 4618 3073 4680 I
3121 4637 3219 4700 gr.
3283 4617 3444 4680 item
3491 4637 3616 4700 pro

416 4741 552 4784 vno
598 4743 795 4788 curru
840 4725 977 4788 feni
1022 4726 1320 4808 quinque
1366 4745 1465 4809 gr.
1532 4726 1691 4788 item
1740 4745 1863 4807 pro
1911 4726 2177 4788 duabus
2226 4725 2555 4788 mensuris
2612 4744 2828 4787 auene
2874 4724 2985 4787 IX
3033 4733 3195 4787 scot.
3241 4725 3401 4786 item
3449 4745 3612 4807 quo·

412 4829 599 4896 libet.
622 4831 729 4894 die
775 4834 997 4896 media
1043 4853 1393 4916 sexagena
1436 4832 1628 4914 panis
1673 4833 1759 4896 de
1806 4832 2100 4915 pistrina.

626 4939 797 5002 Item
846 4939 953 5003 die
1000 4939 1336 5004 dominico
1384 4940 1541 5022 (3s4)
1608 4940 1695 5002 ad
1742 4939 2095 5022 prandium
2144 4959 2267 5021 pro
2315 4939 2628 5003 carnibus
2693 4939 2958 5002 bouinis
3005 4949 3072 5001 et
3120 4939 3376 5000 lardine
3421 4940 3611 5021 quin-

410 5065 545 5126 que
591 5057 757 5110 scot.
803 5048 963 5110 item
1010 5067 1136 5130 pro
1182 5046 1384 5130 pullis
1430 5046 1499 5109 II
1545 5067 1635 5110 se.
1700 5046 1861 5109 item
1909 5067 2033 5130 pro
2083 5046 2360 5110 simellis
2405 5045 2438 5108 Ι
2486 5067 2585 5128 gr.
2651 5046 2811 5108 item
2861 5047 3100 5128 pisum,
3153 5047 3419 5108 milium
3467 5056 3612 5108 erat

408 5153 494 5216 de
542 5153 809 5226 allodio,
850 5153 1013 5218 item
1062 5174 1186 5237 pro
1223 5174 1359 5217 vno
1406 5173 1605 5218 curru
1654 5152 1791 5217 feni
1838 5154 2137 5237 quinque
2175 5175 2273 5238 gr.
2324 5154 2480 5216 item
2531 5174 2652 5236 pro
2700 5155 2963 5217 duabus
3010 5153 3342 5216 mensuris
3390 5174 3609 5216 auene

404 5259 515 5324 IX
562 5271 727 5324 scot.
1914 5313 1919 5316 -

619 5368 813 5431 Item.
838 5368 1005 5432 feria
1049 5369 1349 5432 secunda
1394 5379 1548 5451 post
1594 5368 2018 5433 Conductum
2066 5367 2327 5431 Pasche
2376 5368 2534 5450 (4s4)
2591 5369 2678 5431 ad
2724 5369 3075 5450 prandium
3122 5387 3246 5449 pro
3295 5367 3606 5431 carnibus

404 5474 667 5539 bouinis
712 5496 843 5538 sex
888 5496 987 5560 gr.
1053 5474 1214 5539 item
1262 5495 1384 5557 pro
1443 5476 1641 5558 pullis
1709 5487 1776 5538 et
1825 5475 2080 5537 lardine
2128 5485 2266 5538 tres
2313 5495 2415 5559 gr.
2478 5475 2640 5538 item
2707 5495 2830 5558 pro
2895 5473 3168 5536 simellis
3214 5475 3244 5535 I
3295 5495 3394 5558 gr.
3441 5473 3601 5536 item

2721 5716 2743 5766 Ι)
