4592 6559
1003 457 1131 517 544
1350 448 1725 514 REJESTRA
1773 431 2199 507 wisa-Romu
2248 443 2904 505 WIELKORZADZCY
2949 441 3608 495 KRAKowsmEGo.
3666 450 3851 508 1420.

1216 649 1386 711 Item
1435 649 1670 712 eadem
1719 657 1861 710 tota
1906 646 2288 727 septimana
2327 645 2654 708 vndecim.
2687 665 2853 707 vasa
2897 644 3192 719 ceruisie,
3249 655 3403 706 octo
3450 665 3572 726 pro
3618 645 3879 707 brazeis
3927 663 4204 727 compa-

1003 768 1150 821 rata
1195 766 1263 820 et
1310 757 1435 819 tria
1478 776 1601 837 pro
1647 755 1894 837 paratis
1938 753 2239 836 pecunijs
2297 761 2542 834 empta,
2590 763 2658 819 et
2702 752 2955 816 faciunt
3002 753 3330 834 capiendo
3374 772 3495 834 per
3540 751 3727 815 XIX
3773 761 3938 815 scot.
3986 753 4206 834 quod-

1004 865 1168 927 libet
1214 884 1350 936 vaS‚
1397 863 1465 926 II
1512 883 1670 925 mar.
1718 862 1825 923 IX
1873 871 2035 924 scot.
2098 860 2256 925 item
2307 862 2545 930 eadem
2593 872 2735 923 tota
2775 861 3156 943 ,septimana
3202 881 3324 943 pro
3368 861 3678 934 semelliS‚
3723 861 3950 943 pueris
3996 859 4206 941 ipsius

1004 972 1275 1035 domine
1322 971 1593 1054 Regine
1640 969 2078 1051 presentibuS,
2125 989 2362 1052 sexag.
2409 988 2563 1032 cum
2612 969 2678 1032 II
2726 979 2888 1032 scot.

1216 1079 1388 1142 Item
1439 1079 1546 1141 die
1593 1077 1928 1139 dominico
1974 1088 2127 1158 post
2173 1092 2450 1139 octauas
2497 1074 2830 1159 Epyfanie
2879 1077 3079 1159 (ι41ι)
3128 1077 3439 1139 vndecim
3482 1097 3645 1139 vasa
3681 1076 3964 1138 ceruisie
4000 1096 4208 1157 super

1005 1199 1217 1251 totam
1263 1186 1701 1268 septimanam
1753 1194 1820 1247 et
1873 1205 2072 1248 vnum
2121 1186 2387 1250 actuale
2434 1185 2656 1246 iuueni
2721 1184 2996 1267 Regine
3042 1185 3127 1246 de
3183 1181 3469 1267 Cleparz,
3537 1185 3833 1246 medium
3882 1197 4202 1266 quartum

1006 1314 1129 1358 vas
1173 1313 1295 1375 pro
1342 1293 1589 1375 paratis
1633 1302 2095 1373 comparatum
2164 1302 2231 1354 et
2277 1302 2429 1354 octo
2476 1313 2641 1355 vasa
2695 1312 2818 1374 pro
2857 1291 3139 1366 brazeis,
3203 1290 3457 1354 faciunt
3519 1292 3584 1354 in
3631 1301 3777 1355 toto
3822 1293 3994 1354 duas
4039 1311 4205 1354 mar.

1009 1401 1194 1465 xlx
1239 1410 1400 1463 scot.
1447 1401 1602 1463 item
1652 1421 1775 1482 pro
1819 1401 2113 1462 semellis
2161 1402 2247 1462 ad
2294 1402 2578 1462 eandem
2627 1409 2837 1462 totam
2896 1400 3339 1480 septimanam
3404 1420 3564 1462 mar.
3612 1419 3766 1462 cum
3816 1398 3993 1462 VIII
4038 1409 4204 1461 scot.

1221 1510 1392 1572 Item
1439 1508 1548 1571 die
1593 1507 1928 1570 dominico
1975 1507 2120 1588 ipso
2167 1507 2276 1570 die
2322 1515 2550 1570 sancte
2597 1506 2894 1590 Agnetis
2942 1508 3142 1590 (21s1)
3190 1517 3259 1569 et
3304 1518 3794 1590 consequenter
3829 1528 3952 1590 per
3989 1517 4203 1569 totam

1004 1616 1446 1700 septimanam
1492 1617 1728 1678 decem
1779 1635 1941 1677 vasa
1989 1615 2282 1687 ceruisie,
2350 1635 2473 1678 sex
2538 1625 2926 1697 comparata
2990 1635 3113 1694 pro
3176 1615 3475 1698 pecunijs
3521 1635 3643 1697 per
3688 1615 3879 1678 XIX
3922 1626 4090 1678 scot.
4136 1623 4208 1676 et

1007 1735 1298 1807 quatuor
1342 1744 1462 1804 pro
1509 1722 1761 1786 brazeis
1809 1723 2101 1785 solutum
2150 1723 2223 1796 (s)
2272 1733 2339 1785 et
2386 1722 2638 1785 faciunt
2683 1733 2973 1806 quatuor
3019 1743 3179 1785 mar.
3227 1743 3378 1785 cum
3428 1723 3615 1785 XIX
3662 1733 3823 1786 scot.
3871 1724 4033 1786 item
4082 1742 4207 1805 pro

1006 1831 1300 1896 semellis
1345 1832 1581 1893 eadem
1629 1839 1769 1892 tota
1816 1831 2185 1912 septimana
2233 1831 2477 1893 ‘dando
2524 1832 2825 1913 quolibet
2863 1831 2976 1893 die
3025 1840 3097 1892 ut
3142 1851 3359 1912 supra,
3409 1851 3567 1894 mar.
3616 1851 3768 1894 cum
3817 1830 3992 1894 Vm
4037 1843 4205 1894 scot.

1218 1938 1390 2001 Item
1438 1938 1546 2000 die
1592 1938 1928 2002 dominico
1973 1938 2040 1999 in
2088 1936 2611 2023 Septuagesima
2657 1939 2858 2022 (28s1)
2907 1948 2974 2000 et
3012 1947 3501 2020 consequenter
3546 1959 3748 2021 super
3792 1949 4008 2002 totam
4045 1960 4204 2002 ean·

1005 2048 1162 2110 dem
1210 2046 1650 2129 septimanam
1701 2046 2053 2108 duodecim
2105 2066 2270 2108 vasa
2316 2046 2610 2121 ceruisie,
2675 2057 2830 2109 octo
2877 2066 3000 2127 pro
3045 2045 3301 2109 brazeis
3348 2056 3416 2109 et
3460 2057 3752 2130 quatuor
3816 2060 4207 2129 comparata

1005 2174 1130 2237 pro
1174 2153 1364 2217 XIX
1408 2164 1572 2217 scot.
1620 2163 1689 2216 et
1732 2152 1985 2216 faciunt
2033 2153 2136 2215 ΙΙΙ
2186 2173 2346 2216 mar.
2394 2174 2548 2216 cum
2597 2166 2889 2236 quatuor
2932 2174 3020 2216 sc.
3085 2155 3242 2216 item
3292 2174 3415 2235 pro
3460 2154 3735 2217 simellis
3783 2157 3867 2217 ad
3916 2157 4202 2219 eandem

1007 2272 1220 2325 totam
1267 2261 1712 2344 septimanam
1761 2280 1919 2323 mar.
1967 2260 2139 2323 VIII
2187 2281 2275 2323 sc.

1223 2368 1394 2432 Item
1442 2368 1778 2432 dominico
1825 2369 1933 2432 die
1981 2381 2133 2450 post
2196 2367 2445 2431 festum
2514 2367 3011 2432 Purificacionis
3055 2380 3288 2432 sancte
3335 2369 3547 2433 Marie
3593 2370 3751 2453 (412)
3799 2380 3870 2433 et
3915 2373 4005 2434 ad
4050 2391 4206 2434 ean·

1008 2477 1164 2540 dem
1211 2486 1422 2540 totam
1471 2477 1913 2559 septimanam
1961 2476 2142 2540 XIII
2189 2496 2354 2539 vasa
2400 2476 2695 2549 ceruisie‚
2761 2477 2917 2559 quia
2963 2487 3124 2541 tunc
3171 2487 3315 2539 tota
3360 2477 3607 2540 familia
3651 2477 4075 2542 confluxerat
4121 2479 4209 2541 ad

1008 2585 1354 2648 dominum
1405 2584 1699 2668 Regem,
1747 2585 2086 2647 volentem
2136 2584 2438 2667 equitare
2484 2585 2550 2647 in
2597 2582 2859 2654 Iedln‘a,
2918 2584 3213 2667 quinque
3260 2606 3383 2667 pro
3428 2586 3677 2667 paratis
3723 2589 4095 2669 comparati
4142 2598 4210 2648 et

1009 2702 1166 2757 octo
1212 2712 1335 2775 pro
1381 2692 1657 2768 brazeiS,
1722 2701 1790 2754 et
1835 2691 2087 2755 faciunt
2152 2692 2218 2753 in
2284 2693 2534 2774 paratis
2581 2703 2870 2774 quatuor
2934 2713 3093 2755 mar.
3159 2694 3378 2756 minus
3424 2713 3560 2757 vno
3607 2703 3813 2768 scot0,
3877 2696 4038 2757 item
4086 2716 4210 2777 pro

1006 2799 1302 2864 semellis
1350 2801 1437 2863 ad
1483 2808 1694 2862 totam
1744 2802 2028 2862 eandem
2074 2799 2518 2881 septimanam
2567 2820 2727 2863 mar.
2775 2799 2946 2862 VIII
2993 2808 3156 2863 scot.

1224 2906 1508 2972 Summa
1551 2906 1749 2970 huius
1793 2909 2154 2989 columpne
2198 2905 2361 2970 facit
2406 2906 2644 2990 viginti
2690 2917 2826 2970 tres
2873 2928 3033 2971 mar.
3080 2906 3293 2971 XVII
3339 2918 3499 2972 scot.
3524 2906 3586 2991 ¹).

1226 3015 1398 3079 Item
1448 3014 1783 3078 dominico
1828 3015 1936 3078 die
1980 3014 2409 3097 Carnispriuij
2478 3015 2530 3094 (ι
2546 3014 2681 3097 812)
2720 3025 2787 3077 et
2824 3017 2911 3078 ad
2947 3018 3231 3078 eandem
3280 3027 3488 3080 totam
3537 3017 3981 3099 septimanam
4031 3018 4210 3081 XIII

1010 3143 1174 3187 vasa
1222 3122 1518 3197 ceruisie,
1564 3142 1693 3185 sex
1740 3122 1988 3203 paratis
2033 3131 2423 3203 comparata
2486 3133 2556 3184 et
2602 3135 2859 3203 septem
2927 3143 3049 3204 pro
3112 3126 3373 3198 braze0,
3437 3134 3506 3186 et
3550 3125 3616 3187 in
3662 3126 3914 3207 paratis
3957 3125 4214 3188 faciunt

1010 3231 1308 3314 quinque
1355 3250 1515 3292 mar.
1565 3230 1785 3301 minus
1831 3228 2111 3303 fertone,
2177 3231 2339 3292 item
2389 3231 2626 3295 eadem
2675 3239 2820 3292 tota
2862 3220 3309 3313 septimmana
3371 3252 3496 3313 pro
3541 3233 3852 3307 semellis‚
3898 3233 4058 3316 quia
4101 3254 4210 3296 ea·

1011 3342 1165 3404 dem
1213 3338 1588 3421 septimana
1633 3337 1867 3401 habuit
1913 3340 2164 3400 multos
2209 3337 2523 3420 hospite&
2571 3357 2730 3400 mar.
2779 3358 2934 3400 cum
2981 3337 3153 3401 VIII
3199 3339 3417 3402 scotis

1225 3446 1396 3508 Item
1443 3445 1780 3508 dominico
1828 3444 2177 3508 Inuocauit
2225 3446 2280 3526 (2
2292 3446 2429 3527 512)
2476 3455 2542 3507 et
2579 3447 2666 3507 ad
2707 3447 2991 3508 eandem
3030 3456 3239 3508 totam
3279 3446 3722 3529 septimanam
3770 3449 4005 3510 decem
4046 3468 4211 3510 vasa

1009 3553 1305 3627 ceruisie,
1351 3562 1640 3635 quatuor
1686 3572 1810 3634 pro
1857 3552 2108 3634 paratis
2155 3553 2473 3636 pecuniJS‚
2537 3552 2922 3634 recipiendo
2968 3553 3318 3636 quodlibet
3361 3575 3485 3617 -vas
3530 3575 3653 3636 per
3697 3554 3886 3618 XIX
3931 3566 4093 3618 scot.
4141 3566 4212 3618 et

1009 3682 1137 3725 sex
1182 3673 1341 3724 sunt
1387 3661 1471 3723 de
1518 3662 1761 3723 brazeo
1808 3661 2344 3723 molendinorum
2392 3662 2629 3733 soluta,
2676 3680 2809 3742 que
2846 3660 3099 3723 faciunt
3134 3671 3273 3723 tres
3309 3682 3468 3724 mar.
3507 3671 3794 3745 quatuor
3838 3674 4000 3726 scot.
4047 3663 4209 3725 item

1011 3771 1098 3833 ad
1145 3771 1428 3832 eandem
1480 3779 1690 3832 totam
1739 3768 2181 3849 septimanam
2237 3787 2362 3850 pro
2409 3769 2699 3830 semellis
2745 3779 2813 3830 et
2860 3768 3122 3831 circulis
3183 3769 3422 3853 vig-inti
3469 3781 3633 3833 scot,
3678 3791 3857 3833 vnus
3901 3791 4000 3854 gr.
4047 3769 4208 3832 item

1009 3876 1173 3939 feria
1217 3887 1414 3939 sexta
1458 3886 1616 3938 ante
1661 3875 2128 3943 Reminiscere
2174 3875 2332 3955 (2l3)
2364 3875 2634 3938 domina
2683 3875 2960 3958 Regina
3006 3876 3279 3939 recessit
3306 3879 3392 3939 de
3421 3875 3762 3951 Cracouia,
3809 3877 4037 3940 iuueni
4067 3877 4210 3939 Re-

1012 3983 1175 4067 gina
1220 3992 1287 4046 et
1331 3981 1597 4046 filiabus
1642 3982 2161 4045 remanentibus

1227 4090 1397 4154 Item
1465 4093 1702 4153 sabato
1766 4091 2073 4171 sequenti
2138 4111 2260 4172 pro
2324 4091 2617 4153 semellis
2680 4091 2904 4154 iuueni
2968 4090 3244 4175 Regine
3308 4103 3376 4155 et
3437 4090 3706 4154 filiabus
3751 4092 4021 4155 domine
4068 4092 4211 4154 Re·

1012 4197 1172 4283 gine
1219 4195 1284 4257 V
1332 4217 1432 4281 gr.

1225 4304 1398 4367 Item
1446 4305 1779 4368 dominico
1829 4305 2293 4369 Reminiscere
2341 4307 2436 4390 (31
2438 4307 2498 4386 3)
2544 4306 2769 4369 iuueni
2817 4307 3090 4390 Regine
3137 4328 3291 4371 cum
3336 4308 3822 4371 domicellabus
3858 4317 3927 4370 et
3963 4307 4210 4371 familia

1011 4415 1148 4476 duo
1194 4433 1359 4476 vasa
1405 4412 1699 4486 ceruisie,
1746 4415 1949 4476 ambo
1994 4431 2118 4495 pro
2164 4415 2416 4496 paratis
2479 4424 2710 4495 empta
2774 4426 2842 4476 et
2886 4413 3143 4477 faciunt
3206 4415 3498 4477 mediam
3567 4416 3845 4478 alteram
3895 4435 4210 4490 marcam,

1010 4520 1122 4602 I¹l8
1179 4540 1342 4583 mar.
1390 4520 1457 4582 II
1504 4530 1666 4583 scot.
1731 4520 1891 4584 item
1957 4540 2081 4604 pro
2143 4521 2419 4583 simellis
2484 4532 2553 4583 et
2615 4521 2879 4584 circulis
2942 4523 3029 4584 ad
3096 4521 3448 4603 prandium
3514 4531 3583 4586 et
3628 4524 3717 4585 ad
3761 4542 4001 4585 cenam
4046 4542 4208 4605 qua·

1011 4639 1166 4691 tuor
1209 4637 1373 4691 scot.

1225 4734 1398 4797 Item
1444 4733 1608 4797 feria
1653 4736 1952 4798 secunda
1998 4744 2152 4818 post
2196 4735 2666 4798 Reminiscere
2713 4737 2871 4816 (413)
2918 4736 3189 4798 domina
3234 4736 3494 4798 iuuenis
3542 4736 3820 4820 Regina
3855 4756 4013 4799 cum
4049 4756 4210 4818 pue·

1011 4842 1102 4904 ris
1148 4841 1214 4904 in
1261 4840 1738 4905 Roschoam'czc
1783 4844 1870 4906 ad
1916 4843 2272 4924 prandium
2320 4855 2758 4916 recesserunt,
2822 4842 2998 4905 filius
3059 4863 3226 4905 vero
3291 4843 3562 4906 domine
3616 4843 3892 4927 Regine
3937 4844 4006 4905 in
4054 4843 4209 4908 Cra·

1012 4948 1207 5011 couia
1250 4949 1588 5023 remansit,
1635 4949 1741 5011 cui
1787 4959 1989 5032 potus
2033 4960 2103 5012 et
2148 4952 2579 5013 semellarum
2629 4949 3004 5013 necessaria
3051 4950 3615 5014 ministrabantur.

1226 5055 1397 5118 Item
1447 5055 1585 5118 filio
1632 5057 1900 5119 domine
1948 5056 2223 5140 Regine
2289 5068 2442 5140 post
2506 5077 2841 5120 recessum
2909 5057 3169 5120 iuuenis
3232 5057 3508 5140 Regine
3555 5068 3623 5120 et
3668 5077 4052 5139 puerorum,
4095 5057 4211 5140 qui

1011 5172 1426 5225 remanserat
1473 5182 1628 5225 cum
1676 5163 2010 5245 aliquibus
2056 5165 2545 5226 domicellabus
2608 5177 2678 5226 et
2723 5184 2845 5227 sua
2892 5163 3157 5227 familia.
3248 5164 3371 5227 Cui
3419 5175 3619 5247 potus
3665 5175 3734 5226 et
3777 5166 4209 5228 semellarum

1013 5270 1389 5332 necessaria
1433 5272 1770 5332 dabantur
1817 5291 2031 5353 usque
2077 5273 2162 5333 ad
2209 5272 2579 5333 adventum
2648 5271 2995 5334 uiceuersa
3039 5273 3127 5334 ad
3174 5271 3571 5334 Cracouiam
3618 5271 3890 5334 domine
3938 5272 4209 5354 Regine

1013 5398 1054 5439 a
1099 5377 1433 5440 dominica
1482 5377 1947 5440 Reminiscere
1993 5398 2206 5460 usque
2262 5379 2350 5440 ad
2397 5378 2644 5450 Indica,
2691 5390 2852 5440 tunc
2897 5399 3021 5461 per
3063 5380 3194 5440 hoc
3239 5379 3417 5441 idem
3485 5379 3786 5460 spacium
3852 5381 4013 5441 data
4056 5389 4210 5440 sunt

1238 5609 1271 5674 ⁸)
1310 5611 1522 5658 Dodano
1558 5627 1622 5659 m
1658 5611 1972 5674 marginesie:
2014 5611 2189 5658 XXX
2229 5626 2313 5658 sex
2352 5627 2465 5658 vasi
2502 5611 2658 5659 soluta
2694 5621 2804 5659 sunt
2841 5612 3042 5661 brucis,
