4592 6559
961 495 1086 538 200
1743 488 2122 552 REJESTRA
2169 488 2758 538 PODSKARBIEGO
2805 488 3151 538 HINCZKI.
3210 495 3391 556 1394.

951 687 1110 751 item
1158 707 1281 770 pro
1329 687 1526 772 nigro
1572 688 1786 750 serico
1835 689 1921 751 ad
1968 688 2338 770 predictam
2386 688 2641 751 iaceam
2691 697 2757 750 et
2804 687 3078 751 cabacia
3123 687 3239 751 dni
3286 687 3509 772 Regis
3555 687 3588 749 I
3636 708 3836 750 mare.
3882 686 4028 750 XV
4065 707 4161 750 se.

951 796 1111 858 item
1151 795 1548 876 Jaranthoni
1595 797 1680 858 de
1728 795 2011 859 Polonia
2057 815 2260 877 super
2306 796 2374 857 II
2419 795 2625 858 hastis
2672 796 2759 857 ad
2804 795 3066 857 literam
3116 795 3231 858 dni
3279 795 3501 878 Regis
3548 794 3623 857 X
3670 815 3871 857 marc.

952 903 1124 966 Item
1170 903 1457 966 nunccio
1504 904 1711 967 misso
1757 925 1910 966 cum
1957 903 2164 966 literis
2209 905 2298 966 ad
2344 903 2554 968 dnum
2602 903 2875 986 Regem
2923 902 2991 965 in
3036 901 3333 986 Szydlow
3381 923 3505 984 pro
3552 902 3870 985 expensis
3906 901 4010 963 VI
4059 923 4159 986 gr.

1168 1009 1452 1074 Summa
1496 1011 1665 1074 XLI
1711 1031 1914 1074 marc,
1963 1009 2065 1072 IV
2081 1008 2143 1090 ΙΙ,
2201 1031 2292 1074 sc.

1170 1118 1342 1181 Item
1390 1119 1676 1182 sabbato
1721 1119 2032 1200 proximo
2079 1118 2226 1200 ipso
2273 1117 2383 1180 die
2428 1138 2477 1180 s.
2535 1116 2845 1199 Procopii
2911 1117 3067 1199 (4s7)
3132 1137 3255 1199 pro
3301 1117 3403 1180 VI
3448 1116 3897 1193 szlomom‘bus,
3943 1117 4163 1180 missis

958 1227 1094 1288 dno
1143 1225 1332 1309 Regi
1377 1246 1499 1307 per
1544 1228 1753 1289 dnum
1802 1225 2160 1289 Nicolaum
2207 1225 2543 1288 notarium
2592 1224 2797 1306 ipsius
2845 1224 2958 1286 dni
3004 1225 3243 1308 RegiS,
3290 1225 3355 1287 in
3414 1223 3647 1288 Chelm
3693 1225 3803 1288 XI
3850 1245 4055 1288 marc.

957 1333 1118 1396 item
1165 1354 1288 1415 pro
1335 1335 1816 1397 emendacione
1864 1343 1932 1396 et
1978 1332 2425 1396 mundacione
2470 1331 2644 1394 VIII
2690 1333 3145 1395 scultellarum
3195 1333 3309 1394 dni
3348 1332 3589 1416 Regis,
3635 1334 3862 1396 dando
3913 1354 3954 1395 a
4000 1354 4163 1416 qua-

958 1440 1121 1502 libet
1167 1461 1288 1522 per
1335 1440 1436 1502 IV
1483 1461 1583 1525 gr.
1631 1461 1897 1505 summa
1943 1440 2124 1503 XVI
2169 1461 2258 1504 se.

959 1548 1116 1610 item
1165 1568 1288 1630 pro
1335 1547 1438 1609 III
1487 1548 1660 1611 vlnis
1706 1549 1910 1630 panni
1957 1549 2044 1610 ad
2113 1549 2614 1611 emendandum
2661 1548 2775 1612 dni
2839 1548 3061 1632 Regis
3126 1548 3427 1622 tentoria,
3497 1548 3881 1630 recipiendo
3932 1551 4162 1611 vlnam

960 1676 1084 1738 per
1126 1655 1160 1718 I
1205 1653 1352 1718 fert.
1399 1676 1663 1718 summa
1709 1655 1868 1720 facit
1914 1656 2018 1718 III
2067 1655 2212 1719 fert.

960 1763 1122 1825 item
1169 1783 1293 1845 pro
1341 1763 1520 1845 pileo
1565 1763 1927 1826 stramineo
1973 1763 2089 1826 dni
2137 1763 2359 1847 Regis
2407 1763 2611 1827 misso
2657 1763 2905 1826 ibidem
2952 1763 3018 1826 in
3077 1762 3308 1827 Chelm
3354 1764 3526 1826 VIII
3574 1783 3673 1848 gr.

963 1870 1122 1933 item
1170 1891 1292 1953 pro
1339 1871 1499 1932 vlna
1544 1869 1756 1933 thaste
1803 1873 1888 1933 ad
1935 1870 2448 1934 subducendum
2496 1871 2745 1953 pileum
2790 1871 3165 1952 predictum
3212 1870 3384 1932 VIII
3430 1891 3521 1934 sc.

965 1976 1123 2040 item
1171 1998 1296 2059 pro
1341 1976 1408 2037 V
1455 1978 1784 2059 panceriis
1832 1977 2050 2040 missis
2095 1979 2231 2039 dno
2278 1978 2466 2061 Regi
2512 1978 2756 2040 ibidem
2822 1979 2886 2040 in
2948 1976 3178 2042 Chelm
3223 1999 3344 2061 per
3387 1980 3597 2041 dnum
3646 1978 4001 2042 Nicolaum
4046 2000 4165 2042 no-

964 2085 1208 2148 tarium
1256 2106 1452 2148 suum
1500 2085 1575 2148 X
1623 2105 1826 2148 marc.
1872 2084 2008 2146 VII
2055 2105 2144 2147 se.
2192 2085 2224 2147 I
2272 2105 2371 2168 gr.

965 2192 1122 2254 item
1171 2212 1294 2275 pro
1340 2193 1625 2256 ductura
1669 2193 2038 2254 eorundem
2083 2190 2457 2255 slomonum
2504 2202 2573 2255 et
2618 2193 3081 2274 panceriorum
3133 2191 3506 2256 Wisliciam
3554 2193 3587 2255 I
3632 2191 3779 2256 fert.

964 2299 1126 2363 item
1174 2320 1297 2382 pro
1344 2300 1660 2382 expensis
1707 2299 1824 2362 dni
1870 2299 2413 2362 vicethezaurarii
2459 2300 2547 2364 ad
2592 2301 3065 2381 precedentem
3112 2299 3557 2382 septimanam
3604 2321 3761 2363 cum
3799 2302 4169 2364 sartoribus

968 2406 1083 2470 dni
1128 2407 1354 2492 Regis
1399 2406 1684 2470 iacendo
1733 2406 2072 2480 Cracouie,
2118 2406 2185 2468 II
2233 2427 2437 2470 mare.
2482 2406 2587 2470 III
2632 2427 2732 2490 gr.

967 2514 1128 2579 item
1175 2514 1282 2577 die
1329 2513 1666 2577 dominico
1710 2515 2024 2597 proximo
2071 2515 2369 2596 Respice
2416 2524 2539 2577 etc.
2588 2513 2745 2599 (5l7)
2772 2513 2812 2595 ¹)
2860 2514 2923 2576 N
2926 2514 3141 2578 icolao
3191 2514 3553 2598 Zdunszky
3588 2535 3792 2598 super
3828 2515 3897 2578 II
3934 2517 4167 2580 hastas

969 2623 1046 2685 X
1093 2641 1294 2685 mare.

1183 2729 1466 2794 Summa
1510 2727 1810 2792 XXXV
1858 2748 2057 2792 mare.
2107 2727 2286 2790 XIV
2333 2749 2425 2792 sc.

1184 2836 1356 2899 Item
1405 2836 1621 2899 eidem
1671 2856 1792 2918 pro
1839 2836 2153 2918 expensis
2201 2838 2285 2898 ad
2333 2837 2593 2900 literam
2641 2837 2754 2900 dni
2801 2838 3021 2921 Regis
3067 2838 3135 2900 II
3184 2856 3385 2901 marc.

970 2947 1132 3011 item
1198 2966 1320 3027 pro
1392 2943 1606 3006 XVII
1679 2943 1936 3008 balistis
2010 2945 2376 3027 dirigendis
2449 2947 2534 3008 ad
2602 2945 2921 3020 Wilnam‚
2996 2946 3443 3008 diuersimode
3514 2945 3695 3026 ipsas
3768 2944 4174 3028 recipiendO,

971 3073 1238 3117 summa
1281 3064 1509 3114 tamen
1556 3051 1855 3113 omnium
1903 3051 2054 3114 XX
2101 3071 2302 3116 mare.
2349 3052 2486 3115 VII
2534 3073 2631 3137 gr.

971 3162 1131 3224 item
1180 3181 1302 3243 pro
1347 3179 1580 3222 rasura
1624 3159 1829 3241 panni
1877 3159 2124 3242 regalis
2171 3180 2212 3222 a
2258 3158 2707 3242 Carnispriuio
2770 3159 3077 3242 proxime
3125 3159 3355 3241 elapso
3402 3179 3615 3242 usque
3663 3161 3750 3222 ad
3796 3160 3978 3223 diem
4022 3180 4177 3242 pre-

973 3278 1252 3342 sentem,
1299 3268 1571 3349 quando
1617 3265 1797 3329 facta
1843 3277 1946 3329 est
1991 3267 2173 3330 racio
2220 3287 2373 3329 cum
2421 3287 2649 3330 rasore
2695 3287 3072 3350 pannorum
3121 3267 3189 3329 II
3236 3287 3440 3330 mare.

973 3376 1130 3439 item
1179 3375 1344 3438 feria
1389 3373 1491 3436 IV
1553 3374 1865 3456 proxima
1930 3373 2086 3457 (8l7)
2153 3374 2555 3438 Michalconi
2618 3374 3023 3438 cubiculario
3089 3374 3203 3438 dni
3269 3375 3492 3459 Regis
3556 3395 3679 3458 pro
3742 3374 4061 3457 pancerio
4106 3386 4178 3436 et

974 3483 1232 3546 casside
1279 3483 1368 3545 ad
1411 3481 1672 3544 literam
1719 3481 1833 3543 dni
1881 3480 2102 3564 Regis
2149 3480 2322 3543 VIII
2370 3502 2571 3545 mare.

975 3590 1134 3653 item
1181 3588 1494 3653 Dobconi
1542 3588 1948 3652 cubiculario
2006 3588 2169 3650 alias
2237 3588 2353 3651 dni
2399 3589 2639 3672 Regis,
2704 3609 2881 3652 nunc
2944 3609 3107 3652 vero
3154 3589 3329 3652 circa
3391 3591 3601 3655 dnum
3668 3587 4177 3673 Skirgallonem

975 3697 1280 3772 moranti,
1326 3717 1450 3778 pro
1497 3696 1750 3758 balistis
1796 3696 1881 3759 ad
1929 3695 2188 3757 literam
2239 3696 2354 3759 dni
2401 3697 2621 3780 Regis
2669 3697 2701 3758 I
2746 3716 2979 3780 sexag.

972 3806 1133 3868 item
1180 3803 1508 3878 furmanO,
1555 3804 1668 3885 qui
1717 3803 1911 3866 duxit
1957 3803 2106 3865 XX
2154 3804 2448 3879 balistas,
2512 3805 2825 3886 pulueres
2888 3803 3192 3885 pixidum
3250 3814 3319 3866 et
3364 3805 3644 3888 sagittas
3690 3804 3757 3867 in
3804 3801 4059 3868 Lublz'n
4106 3803 4177 3866 II

975 3933 1176 3976 marc.
1224 3912 1326 3974 III
1372 3910 1516 3974 fert.

1189 4019 1386 4082 Feria
1432 4017 1534 4081 VI
1581 4019 1889 4101 proxima
1937 4019 2174 4103 (10l7):
2221 4019 2382 4082 item
2424 4019 2728 4099 Jacussio
2774 4019 3089 4082 brinnero
3134 4040 3255 4101 pro
3301 4020 3615 4102 parandis
3662 4020 3863 4082 armis
3900 4022 3989 4083 ad
4024 4040 4179 4102 per-

975 4148 1211 4191 sonam
1259 4127 1372 4189 dni
1420 4125 1642 4210 Regis
1688 4147 1779 4188 ex
1826 4128 2146 4189 mandato
2193 4127 2429 4190 vocale
2476 4126 2592 4188 dni
2642 4126 2861 4209 Regis
2909 4126 2983 4188 X
3030 4146 3230 4189 marc.

974 4235 1134 4298 item
1183 4255 1306 4316 pro
1351 4232 1710 4314 paracione
1759 4233 1982 4296 calicis
2020 4235 2242 4296 dande
2282 4235 2369 4295 ad
2406 4232 2823 4316 Sanguinem
2864 4232 3108 4296 Christi
3148 4254 3382 4298 versus
3420 4231 3791 4297 Saxoniam
3832 4233 3934 4296 IV
3974 4255 4179 4298 mare.

973 4342 1132 4405 item
1181 4340 1359 4403 facta
1404 4340 1671 4403 racione
1718 4361 1871 4402 cum
1921 4341 2385 4423 caupponibus
2431 4361 2555 4422 pro
2619 4341 2777 4402 vino
2822 4340 2890 4402 in
2936 4340 3204 4403 Nouam
3252 4340 3592 4404 ciuitatem
3641 4343 3727 4404 ad
3776 4342 4179 4406 conuencio-

977 4469 1132 4511 nem
1182 4448 1296 4511 dni
1342 4447 1564 4531 Regis
1611 4467 1765 4510 cum
1812 4449 1949 4510 dno
1996 4447 2303 4510 Witoldo
2361 4447 2429 4510 in
2485 4446 2716 4522 Chelm
2759 4468 2884 4530 pro
2929 4450 3065 4511 dno
3113 4449 3335 4532 Rege,
3380 4449 3447 4512 in
3495 4447 3749 4512 Lai-seez
3793 4449 4181 4531 pictoribuS,

975 4557 1042 4618 in
1091 4552 1546 4639 Nepolomz'cze
1589 4575 1712 4636 pro
1776 4555 1912 4616 dno
1977 4555 2198 4639 Rege,
2265 4555 2673 4638 aliquociens
2736 4575 2858 4637 pro
2924 4565 3234 4618 consorte
3299 4556 3413 4618 dni
3459 4555 3745 4618 Witoldi
3789 4568 4063 4638 recepto
4108 4567 4181 4620 et

976 4664 1197 4736 miSSO,
1243 4682 1507 4725 necnon
1556 4661 1882 4726 Cracouie
1929 4683 2052 4744 pro
2098 4664 2234 4724 dno
2281 4662 2502 4746 Rege,
2550 4663 2695 4744 ipso
2740 4663 2874 4726 illic
2918 4663 3267 4736 existente,
3326 4674 3600 4744 recepto
3648 4663 3873 4726 multis
3920 4663 4182 4726 vicibus

977 4771 1186 4834 LXX
1235 4790 1433 4832 mare.
1482 4770 1592 4832 IX
1637 4789 1728 4833 sc.

1190 4877 1474 4942 Summa
1521 4877 1730 4941 CXX
1744 4876 1807 4959 ΙΙ,
1866 4898 2068 4940 marc,
2115 4878 2147 4940 I
2195 4898 2294 4962 gr.
2582 4949 2587 4954 ,

1188 4986 1358 5048 Item
1409 4986 1690 5048 Andree
1737 4984 2166 5067 apothecario
2214 5005 2339 5067 pro
2406 4983 2822 5048 confectibus
2887 4984 3055 5047 albis
3119 5005 3243 5066 pro
3308 5006 3422 5058 ore
3488 4985 3602 5047 dni
3668 4986 3891 5069 Regis
3939 4997 4009 5049 et
4054 5007 4181 5068 pro

976 5094 1422 5156 deauracione
1469 5093 1749 5155 aliorum
1797 5089 2220 5155 confectuum
2270 5091 2596 5175 regalium
2646 5091 2914 5173 proprio
2960 5112 3084 5154 suo
3132 5103 3415 5174 argento
3454 5091 3558 5154 III
3604 5091 3748 5154 fert.

977 5203 1136 5264 item
1183 5221 1306 5283 pro
1355 5199 1457 5262 VI
1504 5200 1677 5262 vlnis
1723 5202 1859 5262 tele
1904 5200 2096 5283 nigre
2144 5200 2231 5262 ad
2278 5198 2531 5262 iaceam
2590 5198 2703 5261 dni
2752 5199 3053 5272 Witoldi,
3100 5198 3899 5282 recipiendo-quamlibet
3950 5202 4183 5264 vlnam

977 5329 1100 5390 per
1144 5308 1210 5368 V
1260 5328 1360 5391 gr.
1405 5327 1672 5370 summa
1715 5305 1874 5369 facit
1933 5306 1994 5388 ¹!ss
2053 5327 2289 5390 sexag.

1201 5556 1232 5616 Ι)
1272 5558 1526 5607 Niedziela
1563 5567 1611 5607 ta
1649 5558 1828 5622 mylnie
1865 5573 2160 5612 oznaczona;
2213 5557 2311 5620 jest
2364 5573 2459 5604 ona
2512 5557 2726 5605 bowiem
2786 5557 2958 5616 traeciq
3014 5557 3249 5618 niedziela
3304 5574 3369 5622 pn
3420 5547 3713 5618 §xx-iqtkaclu
3752 5559 3851 5623 gdy
3888 5567 4181 5624 tymczasem

978 5649 1204 5698 cnodzilo
1242 5649 1506 5696 widocznie
1543 5665 1574 5694 o
1610 5655 1816 5706 czwartq
1854 5647 2088 5706 nic-dzielq
2125 5663 2190 5710 po
2227 5636 2502 5706 Swiqtkach
2554 5647 2722 5693 wobec
2760 5647 2844 5693 dat
2882 5647 3181 5710 poprzednio
3220 5648 3539 5712 polozonych.
