4592 6559
1105 494 1483 560 Rimas-nze.
1529 495 2046 559 Ponnzizc‘rWA
2095 482 2756 546 xonczn‘ssxmeo.
2815 504 2995 566 1390·
3526 504 3641 563 147

449 699 604 761 albo
651 697 720 759 in
777 695 1186 782 Oppatouecz
1231 696 1335 759 III
1381 717 1480 781 gr.
1527 697 1686 779 quia
1731 699 1866 762 dna
1912 696 2188 781 Regina
2233 697 2579 781 proprium
2645 698 2875 761 album
2938 718 3183 781 panem
3232 719 3387 763 cum
3438 698 3649 761 domi-

449 805 666 869 nabus
712 805 984 869 nolebat
1030 804 1479 878 manducare;
1526 804 1687 867 item
1733 804 1868 869 XL
1933 824 2144 887 panes
2189 824 2314 886 pro
2377 804 2644 881 tallariS,
2710 806 2871 869 item
2917 805 2986 867 V
3036 807 3325 871 octualia
3370 806 3653 871 ceruisie

447 912 711 995 proprie
756 932 878 994 pro
923 920 1066 975 tota
1111 910 1239 975 die.

660 1020 780 1085 Ad
826 1018 1342 1084 distribuciones
1397 1018 1801 1083 curiensium
1866 1021 2000 1083 dne
2065 1018 2343 1104 Regine
2410 1021 2723 1085 omnibus
2786 1042 2908 1103 pro
2972 1021 3288 1103 prandio:
3355 1021 3571 1104 primo
3618 1022 3650 1083 I

445 1149 652 1211 pecus
697 1128 880 1210 prius
927 1137 1246 1209 emptum,
1297 1126 1456 1191 item
1505 1127 1650 1207 11112
1708 1133 1918 1209 pe‘rna
1962 1128 2134 1191 lardi
2177 1126 2363 1209 prius
2410 1129 2633 1211 empti,
2698 1129 2859 1191 item
2906 1128 3137 1192 XXX
3183 1130 3349 1211 pulli
3394 1129 3647 1211 antiqui

443 1236 708 1319 proprii,
755 1256 880 1317 pro
925 1234 1072 1298 XII
1118 1235 1319 1317 pullis
1366 1234 1722 1298 iuuenibus
1767 1236 2133 1299 castellano
2181 1235 2612 1300 Cracoviensi
2658 1244 2725 1299 et
2773 1239 2909 1300 dno
2959 1236 3253 1300 Zaclicze
3301 1258 3455 1300 cum
3504 1237 3649 1299 aliis

442 1344 858 1408 curiensibus
929 1343 1064 1405 dne
1137 1341 1413 1426 Regine
1477 1341 1581 1405 VI
1655 1362 1756 1427 gr.
1828 1342 2071 1407 iterum
2147 1343 2178 1405 Ι
2254 1345 2431 1407 chor.
2503 1344 2631 1425 pisi
2704 1343 2887 1426 prius
2960 1342 3169 1426 empti
3232 1354 3300 1407 et
3376 1344 3649 1407 mileum

441 1451 782 1535 proprium
830 1466 954 1532 pro
1001 1448 1315 1513 omnibus
1361 1448 1626 1533 dyariis,
1671 1449 1834 1514 item
1892 1450 2004 1513 IX
2069 1468 2415 1535 sexagene
2480 1452 2671 1533 panis
2736 1452 3021 1535 siliginei
3086 1461 3154 1514 et
3218 1452 3251 1513 I
3298 1472 3650 1535 sexagena

431 1560 632 1642 panis
677 1559 813 1621 albi
858 1558 1109 1641 proprii
1147 1550 1278 1639 'pro
1324 1557 1608 1639 dyariis;
1656 1558 1742 1620 ad
1790 1556 2145 1641 coquinam
2195 1556 2332 1621 XL
2376 1579 2586 1640 panes
2634 1568 2704 1623 et
2749 1559 2895 1621 XII
2942 1560 3221 1622 zemelle
3267 1559 3579 1641 propria.

653 1666 772 1729 Ad
819 1686 1058 1729 cenam
1102 1666 1240 1729 dne
1287 1664 1564 1750 Regine
1613 1666 1854 1729 eodem
1900 1665 2043 1728 die:
2091 1682 2214 1747 pro
2261 1666 2295 1729 Ι
2341 1686 2626 1747 peccore
2664 1665 2878 1729 XVII
2894 1665 2957 1748 1J2
3006 1686 3096 1729 sc.
3134 1666 3291 1729 item
3331 1666 3398 1729 II
3436 1684 3646 1747 perne

439 1775 608 1839 lardi
653 1774 837 1856 prius
883 1772 1108 1855 empti,
1173 1772 1414 1836 iterum
1462 1773 1629 1854 pulli
1674 1773 1928 1855 antiqui
1974 1774 2240 1855 proprii,
2304 1793 2427 1855 pro
2473 1774 2547 1835 X
2595 1774 2795 1855 pullis
2858 1773 3215 1837 iuuenibus
3259 1773 3328 1835 V
3376 1794 3475 1857 gr.
3524 1790 3648 1855 pro

438 1882 681 1947 boletis
729 1882 832 1945 III
879 1890 1096 1964 quart.
1142 1876 1268 1963 pro
1317 1881 1612 1945 oleribus
1657 1880 1850 1945 dictis
1897 1880 2072 1965 gker
2127 1881 2190 1961 ¹s2
2249 1902 2350 1965 gr.
2398 1902 2521 1963 pro
2586 1881 2997 1963 petrozelino
3048 1890 3118 1943 et
3162 1880 3454 1945 feniculo
3500 1880 3648 1943 XII

439 1992 588 2054 den.
635 1990 758 2072 pro
802 1991 978 2054 lacte
1044 1998 1113 2053 et
1159 2007 1386 2052 crema
1432 1988 1612 2070 IV¹J2
1671 2010 1770 2073 gr.
1836 2007 1959 2072 pro
2012 1998 2202 2052 aceto
2249 1990 2282 2051 I
2330 2010 2430 2073 gr.
2496 2009 2661 2071 cepe
2727 1989 2909 2071 prius
2978 1998 3297 2071 emptum,
3362 1988 3521 2052 item
3571 1988 3648 2051 X

437 2099 618 2163 casei
665 2109 734 2161 et
779 2096 891 2161 CC
935 2117 1088 2160 owa
1132 2096 1418 2179 propria,
1485 2096 1726 2161 iterum
1775 2097 1993 2179 pisum
2043 2107 2109 2159 et
2154 2096 2425 2161 mileum
2493 2096 2675 2179 prius
2740 2106 3061 2179 emptum,
3126 2095 3345 2179 pisum
3413 2105 3481 2159 et
3526 2094 3647 2159 mi-

438 2209 618 2271 leum
665 2205 1027 2289 proprium.
1793 2196 1796 2199 ’

643 2315 764 2377 Ad
813 2333 1050 2376 cenam
1100 2322 1170 2376 et
1215 2313 1302 2375 ad
1347 2312 1858 2376 distribuciones
1906 2315 2273 2377 castellano
2339 2312 2767 2376 Craeouiensi
2830 2321 2899 2375 et
2963 2314 3101 2375 dno
3150 2311 3443 2376 Zaclicze
3490 2332 3645 2375 can·

437 2421 708 2487 cellario
764 2442 918 2485 cum
965 2420 1110 2484 aliis
1156 2419 1574 2485 curiensibus
1623 2421 1847 2484 omnia
1891 2421 2074 2502 prius
2120 2422 2296 2485 data.

648 2530 771 2592 Ad
811 2527 1340 2592 ‘distribuciones
1404 2548 1730 2611 equorum
1797 2529 1930 2590 dne
1997 2527 2272 2612 Regine
2336 2546 2602 2591 necnon
2650 2527 2951 2592 omnium
2997 2528 3401 2591 curiensium
3468 2528 3643 2591 eius:

435 2658 558 2721 pro
623 2636 768 2700 XV
815 2636 1146 2699 mensuris
1209 2656 1423 2700 auene
1485 2633 1521 2697 Ι
1569 2656 1730 2699 mar·
1778 2635 1951 2697 VIII
1997 2655 2102 2698 sc.‘
2155 2635 2528 2719 quamlibet
2592 2654 2975 2699 mensuram
3040 2655 3164 2717 per
3228 2636 3296 2697 II
3342 2656 3432 2699 sc.
3478 2636 3644 2700 reci·

435 2745 698 2830 piend0‚
743 2744 906 2807 item
953 2743 1184 2807 fenum
1233 2742 1578 2826 proprium
1625 2753 1692 2806 et
1736 2765 1860 2826 pro
1907 2743 2219 2806 omnibus
2285 2743 2553 2825 dyariis,
2600 2742 2761 2806 item
2807 2743 2840 2804 I
2887 2762 3243 2828 sexagena
3310 2742 3639 2807 luminum

434 2854 856 2936 propriorum
904 2861 972 2917 et
1017 2872 1153 2914 vna
1197 2861 1440 2934 quarta
1483 2852 1628 2933 sepi
1674 2872 1798 2934 pro
1844 2851 1947 2913 III
1996 2850 2190 2915 dietis
2238 2853 2325 2915 ad
2373 2852 2741 2933 lampades„

645 2960 766 3023 Ad
810 2954 1022 3023 totam
1072 2958 1252 3022 diem
1298 2960 1436 3022 dno
1483 2959 1896 3041 procuratori
1944 2968 2012 3021 et
2068 2958 2633 3040 viceprocuratori
2699 2978 2855 3021 cum
2903 2957 3155 3022 familia
3218 2959 3453 3022 castri:
3519 2980 3642 3041 pro

434 3069 746 3132 carnibus
791 3066 1173 3131 recentibus
1217 3066 1286 3127 V
1333 3087 1432 3150 gr.
1479 3066 1640 3130 item
1691 3065 1724 3128 I
1769 3086 1980 3148 perna
2043 3066 2214 3129 lardi
2279 3066 2462 3149 prius
2527 3065 2751 3147 empti,
2816 3065 2975 3128 item
3023 3065 3126 3127 VI
3174 3066 3339 3147 pulli
3384 3066 3641 3148 antiqui

432 3175 699 3259 proprii,
743 3195 867 3258 pro
914 3173 981 3235 V
1027 3174 1229 3256 pullis
1274 3174 1629 3237 iuuenibus
1675 3173 1744 3234 V
1791 3182 2004 3255 quart.
2051 3194 2173 3255 pro
2219 3173 2463 3237 boletis
2531 3183 2598 3236 et
2645 3172 2939 3236 oleribus
2986 3171 3019 3234 I
3066 3193 3166 3257 gr.
3212 3173 3373 3235 item
3422 3174 3639 3255 pisum

431 3294 500 3346 et
543 3302 710 3367 cepe
745 3282 938 3365 prius
983 3290 1304 3364 emptum,
1349 3280 1509 3344 item
1556 3281 1590 3344 Ι
1637 3301 1873 3367 sexag.
1939 3280 2132 3363 panis
2197 3281 2483 3366 siliginei
2548 3290 2615 3345 et
2680 3278 2833 3343 XX
2896 3301 3107 3363 panes
3171 3280 3307 3343 albi
3352 3282 3640 3364 propria,

429 3392 590 3455 item
636 3390 670 3453 Ι
717 3391 984 3453 octuale
1031 3388 1310 3452 ceruisie
1355 3389 1642 3471 proprie,
1699 3390 1857 3452 item
1907 3390 2121 3453 Paulo
2169 3389 2475 3453 seruitori
2544 3390 2882 3473 Hungaro
2930 3390 3016 3452 ad
3065 3390 3455 3453 mandatum
3506 3392 3639 3453 dne

431 3498 706 3583 Regine
750 3497 906 3560 dedi
951 3496 1019 3558 V
1065 3516 1156 3561 sc.
1203 3516 1325 3578 pro
1372 3497 1440 3560 II
1487 3497 1818 3561 mensuris
1865 3517 2082 3560 auene
2127 3496 2232 3560 IV
2277 3518 2367 3560 sc.
2414 3496 2603 3581 equis
2669 3498 2786 3560 dni
2850 3498 3301 3579 procuratoris
3346 3508 3414 3561 et
3460 3498 3637 3561 vice-

428 3604 880 3688 procuratoris
926 3624 1080 3668 cum
1126 3604 1379 3668 familia
1423 3606 1740 3687 ipsorum.

641 3712 926 3777 Summa
972 3712 1102 3775 diei
1149 3713 1252 3776 III
1299 3733 1524 3777 marce
1570 3713 1792 3775 XXII
1839 3732 1929 3775 sc,
1975 3712 2008 3775 I
2057 3733 2154 3796 gr.
2203 3712 2278 3775 X
2326 3713 2477 3775 den.
2532 3732 2749 3776 auene
2794 3712 3047 3776 XVIII
3094 3722 3421 3776 mensure.

591 3836 598 3845 ·
641 3820 838 3884 Feria
883 3820 953 3884 II
998 3821 1144 3902 ipso
1191 3820 1298 3883 die
1345 3820 1826 3905 Rogacionum
1877 3821 2034 3905 (9l5)
2083 3822 2168 3883 ad
2215 3821 2571 3902 prandium
2619 3822 2753 3883 dne
2800 3821 3109 3904 Regine:
3174 3841 3297 3903 pro
3345 3821 3639 3903 piscibus

425 3929 808 3993 recentibus
853 3929 886 3991 I
932 3949 1096 3993 mar.
1143 3928 1322 4009 111¹J2
1382 3950 1479 4013 gr.
1528 3949 1649 4011 pro
1695 3928 1728 3991 I
1775 3929 1958 4011 pisce
2013 3949 2315 4012 mangno
2380 3928 2558 3991 dicto
2619 3948 2777 4003 som,
2824 3927 3004 3991 XIV
3050 3948 3138 3991 sc.
3205 3947 3329 4010 pro
3376 3928 3635 3993 cancris

425 4036 494 4098 II
540 4056 630 4099 sc.
677 4036 710 4097 I
757 4046 972 4118 quart.
1018 4055 1143 4118 pro
1199 4036 1439 4099 boletis
1505 4045 1572 4099 et
1636 4036 1928 4100 oleribus
1993 4036 2184 4099 dictis
2240 4034 2417 4120 gker
2477 4036 2581 4098 III
2647 4044 2859 4119 quart.
2925 4055 3049 4118 pro
3112 4036 3519 4117 petrozelino
3566 4047 3636 4100 et

423 4142 764 4206 senniculo
811 4143 844 4205 I
891 4164 991 4227 gr.
1057 4162 1180 4225 pro
1244 4144 1421 4206 lacte
1486 4153 1554 4207 et
1619 4163 1846 4207 crema
1890 4144 1956 4205 V
2005 4164 2095 4208 sc.
2143 4144 2176 4207 I
2223 4153 2438 4228 quart.
2508 4163 2631 4225 pro
2696 4153 2889 4206 aceto
2945 4144 3047 4206 III
3095 4153 3306 4227 quart.
3355 4155 3423 4207 et
3469 4164 3634 4227 cepe

423 4249 608 4333 prius
654 4261 994 4333 emptum;
1039 4250 1198 4314 item
1246 4250 1300 4315 C
1348 4272 1499 4314 owa
1545 4261 1614 4313 et
1660 4251 1717 4313 L
1764 4252 1941 4315 casei
1988 4252 2270 4334 propria,
2318 4252 2478 4315 item
2524 4252 2583 4315 L
2628 4272 2780 4315 owa
2826 4262 2893 4314 et
2932 4251 3102 4314 VIII
3142 4252 3319 4315 casei
3364 4252 3633 4334 propria

423 4376 550 4441 pro
593 4366 770 4421 torta
815 4358 1124 4440 pistanda
1173 4360 1306 4421 dne
1353 4358 1647 4443 Regine,
1714 4368 1781 4421 et
1827 4358 1931 4421 III
1979 4360 2110 4421 olle
2174 4359 2374 4422 butiri
2441 4359 2623 4441 prius
2686 4358 2912 4441 empti,
2976 4360 3133 4421 item
3180 4359 3401 4441 pisum
3448 4360 3631 4441 prius

424 4475 725 4548 emptum
773 4475 841 4528 et
885 4466 1156 4529 mileum
1204 4465 1565 4548 proprium,
1631 4466 1872 4529 iterum
1919 4465 2112 4548 panis
2159 4466 2353 4529 albus
2417 4467 2599 4549 prius
2663 4476 2929 4549 emptus
2976 4468 3040 4529 in
3102 4466 3462 4551 Opatouecz
3507 4488 3630 4550 pro

424 4594 538 4637 ore
585 4584 654 4637 et
698 4594 932 4637 mensa
977 4575 1112 4636 dne
1156 4573 1450 4658 Regine,
1495 4573 1654 4636 item
1703 4572 1736 4635 I
1781 4592 2015 4657 sexag.
2062 4573 2255 4655 panis
2302 4573 2437 4636 albi
2483 4583 2550 4636 et
2585 4574 2720 4637 XL
2756 4594 2967 4657 panes
3012 4574 3298 4658 siliginei
3342 4576 3628 4657 propria,

421 4681 593 4744 item'
631 4680 699 4743 V
720 4710 727 4716 ·
746 4680 1034 4745 octualia
1080 4680 1357 4744 ceruisie
1402 4680 1670 4763 proprie
1716 4701 1839 4762 pro
1886 4690 2029 4743 tota
2072 4680 2202 4743 die.

635 4788 755 4852 Ad
799 4787 1312 4851 distribuciones
1357 4789 1494 4850 dno
1540 4788 1884 4852 Dobeslao
1931 4789 2300 4852 castellano
2348 4787 2775 4851 Craeouiensi
2820 4808 3083 4853 necnon
3131 4791 3268 4852 dno
3314 4809 3629 4871 procura-

420 4895 549 4959 tori
595 4916 734 4958 vna
777 4915 932 4958 cum
979 4886 1122 4958 aliis
1169 4894 1582 4959 curiensibus
1641 4896 1772 4958 dne
1839 4896 2114 4981 Regine
2160 4897 2246 4959 ad
2310 4905 2523 4958 totam
2587 4896 2799 4959 diem:
2858 4888 2990 4978 'pro
3035 4896 3327 4978 piscibus
3373 4896 3637 4960 XVIII*

420 5023 509 5067 so.
555 5003 776 5085 pisum
821 5002 1006 5086 prius
1051 5012 1369 5086 emptum,
1433 5023 1558 5085 pro
1604 5003 1861 5067 cancris
1908 5004 1940 5065 I
1988 5024 2076 5066 se.
2125 5013 2193 5067 et
2239 5003 2513 5065 mileum
2577 5004 2941 5085 proprium,
3004 5004 3243 5067 iterum
3307 5004 3620 5086 predictis

419 5109 832 5174 curiensibus
879 5108 988 5174 CC
1037 5131 1168 5173 oua
1215 5120 1284 5174 et
1328 5110 1559 5175 XXX
1604 5111 1782 5175 casei
1843 5110 2128 5193 propria.
2175 5110 2417 5173 iterum
2465 5110 2574 5174 IX
2621 5132 2857 5196 sexag.
2903 5112 3096 5194 panis
3140 5112 3425 5196 siliginei
3472 5121 3541 5173 et
3586 5112 3619 5174 I

417 5238 651 5302 sexag.
698 5216 834 5281 albi
880 5218 1163 5300 propria.
2630 5226 2635 5233 '
3072 5220 3079 5225 ’

535 5362 539 5367 ·
631 5326 752 5390 Ad
798 5346 1034 5390 cenam
1083 5328 1214 5389 dne
1259 5326 1570 5410 Regine:
1619 5326 1836 5408 pisces
1879 5326 2063 5407 prius
2109 5326 2333 5408 empti,
2380 5346 2503 5407 pro
2558 5327 2813 5389 cancris
2858 5326 2927 5389 II
2939 5326 3003 5409 Ἲς
3063 5347 3162 5410 gr.
3209 5348 3333 5409 pro
3378 5328 3618 5391 boletis

416 5433 522 5497 III
566 5444 779 5518 quart.
843 5453 968 5517 pro
1031 5433 1348 5498 olleribus
1410 5432 1602 5497 dictis
1657 5432 1834 5518 gker
1875 5433 2022 5497 XII
2069 5436 2217 5497 den.
2283 5454 2407 5516 pro
2471 5434 2645 5497 lacte
2692 5434 2771 5496 et‘
2806 5454 3030 5498 crema
3075 5434 3143 5497 II
3189 5456 3279 5499 sc.
3325 5435 3359 5498 Ι
3405 5446 3617 5519 quart.

416 5564 540 5627 pro
585 5553 777 5607 aceto
823 5542 857 5607 I
904 5563 1004 5628 gr.
1051 5552 1120 5606 et
1165 5562 1330 5626 cepe
1375 5542 1558 5625 prius
1613 5550 1934 5624 emptum,
1996 5541 2154 5605 item
2201 5540 2359 5605 IVC
2409 5562 2559 5606 owa
2605 5551 2676 5606 et
2719 5542 2853 5607 XL
2900 5544 3076 5607 'casei
3121 5544 3408 5627 propria,
3452 5545 3615 5607 item
