4592 6559
761 488 1138 552 REJESTRA
1184 475 1612 552 WAgrROBKI
1658 490 2319 554 WIELKORzADZCY
2364 483 3025 545 KRAxowsxnffio.
3084 501 3267 560 1420.
3484 501 3607 564 547

415 689 707 772 piscibus
753 689 1134 754 recentibus
1179 701 1317 754 tres
1363 691 1506 754 fert.
1569 691 1728 778 item
1779 713 1900 774 pro
1945 669 2236 754 semellis
2283 703 2353 755 et
2399 693 2660 757 circulis
2706 694 2774 756 II
2820 715 2920 780 gr.
2988 695 3147 758 item
3194 715 3318 777 pro
3364 696 3614 758 octuali

412 796 692 860 ceruisie
741 795 910 858 VIII
955 809 1118 860 scot.

627 903 913 968 Summa
958 903 1156 968 huius
1201 904 1332 968 diei
1377 905 1534 969 facit
1581 905 1906 968 XXVIII
1955 927 2116 970 mar.
2165 905 2274 970 IX
2322 929 2409 970 sc,
2459 908 2568 988 ΙΙΙ,Ξ
2626 929 2726 992 gr.

627 1011 945 1094 Sequitur
991 1013 1200 1076 stacio
1248 1013 1469 1096 Regis
1516 1013 1583 1076 in
1629 1011 2069 1087 Sclzlommkt',
2117 1015 2448 1078 venientis
2494 1013 2658 1078 feria
2705 1016 2937 1098 quinta
2968 1027 3121 1098 post
3166 1017 3363 1082 Oculi
3412 1016 3613 1100 (14s3)

411 1141 549 1183 vna
597 1139 750 1182 cum
801 1119 1072 1183 domina
1121 1119 1398 1204 Regina
1445 1131 1515 1183 et⁴
1560 1120 1798 1184 queni
1845 1134 1966 1185 etc,

627 1228 796 1290 Item
848 1229 934 1290 ad
981 1228 1338 1310 coquinam
1387 1227 1637 1291 domini
1685 1229 1940 1312 Regis:
2007 1229 2164 1292 item
2233 1251 2355 1312 pro
2424 1230 2716 1312 piscibus
2778 1231 3177 1304 recentibuS,
3242 1232 3350 1315 alij
3397 1232 3614 1314 pisces

409 1356 534 1418 pro
579 1335 828 1398 familia
875 1334 1147 1398 fuerunt
1190 1335 1457 1418 proprij‚
1503 1335 1604 1397 VI
1653 1356 1814 1400 mar.
1861 1335 2020 1398 item
2069 1338 2285 1418 pisces
2332 1337 2487 1400 salsi
2533 1351 2600 1400 et
2646 1337 2964 1421 angwille
3011 1340 3337 1420 patebunt
3385 1338 3449 1402 in
3497 1361 3611 1420 ap-

407 1455 646 1526 paratu
697 1455 763 1506 et
811 1445 1036 1506 oleum
1084 1453 1151 1504 et
1197 1445 1426 1516 alleca,
1474 1442 1632 1505 item
1681 1464 1804 1526 pro
1853 1443 2272 1506 cruczmorka
2320 1455 2386 1506 et
2427 1443 2794 1528 pastcrnak
2830 1443 2893 1504 V
2934 1455 3097 1508 scot.
3144 1445 3301 1507 item
3322 1491 3328 1498 .
3351 1467 3472 1528 pro
3510 1467 3609 1508 ra-

407 1550 584 1633 pulis
629 1551 660 1613 I
709 1559 870 1614 scot.
917 1550 1076 1613 item
1127 1570 1250 1631 pro
1296 1549 1406 1630 ΙΙ]κ
1457 1570 1616 1612 coro
1663 1550 1787 1632 pisi
1833 1562 1902 1613 et
1948 1571 2070 1632 pro
2110 1571 2244 1614 vno
2292 1571 2453 1614 coro
2502 1551 2659 1634 milij
2701 1550 2837 1612 VII
2877 1562 3040 1616 scot.
3089 1552 3249 1614 item
3296 1573 3418 1634 pro
3456 1573 3609 1616 aue·

408 1671 568 1721 nata
617 1671 685 1721 et
731 1657 1044 1722 lenticula
1090 1668 1381 1740 quatuor
1418 1670 1579 1720 scot.

623 1766 794 1828 Item
841 1785 966 1847 pro
1011 1785 1148 1826 vno
1207 1765 1268 1844 θ’,
1330 1784 1488 1827 coro
1536 1764 1889 1846 papaueris
1935 1764 2001 1826 V
2050 1785 2148 1848 gr.
2195 1764 2353 1828 item
2402 1785 2525 1846 pro
2572 1768 2723 1828 oleo
2768 1767 3125 1848 papaueris
3171 1768 3258 1830 ad
3304 1787 3607 1830 mensam

406 1872 632 1956 Regis
677 1872 743 1935 II
792 1881 954 1936 scot.
1019 1871 1175 1937 item
1235 1891 1357 1954 pro
1421 1871 1714 1934 semellis
1762 1870 1828 1932 V
1875 1891 1966 1934 sc.
2030 1871 2188 1934 item
2255 1892 2380 1954 pro
2447 1885 2599 1936 octo
2668 1874 3043 1936 octualibus
3106 1872 3401 1947 ceruisie‚
3448 1874 3607 1936 reci-

405 1979 655 2061 piendo
701 1979 1052 2062 quodlibet
1097 1998 1218 2060 per
1262 1976 1433 2039 VIII
1481 1988 1646 2041 scot.
1694 1980 1827 2041 due
1875 1998 2036 2041 mar.
2085 1978 2262 2040 XVI
2312 1990 2474 2044 scot.

621 2085 992 2148 Pistoribus
1038 2085 1416 2168 regalibus:
1463 2083 1623 2147 item
1672 2085 1925 2148 eisdem
1973 2106 2094 2168 pro
2143 2089 2413 2149 duobus
2476 2088 2690 2151 saccis
2756 2087 2985 2162 farine,
3052 2108 3187 2150 vno
3237 2088 3492 2151 triticeo
3541 2098 3607 2148 et

404 2194 536 2256 alio
581 2191 880 2278 siliginis,
927 2211 1152 2254 marca
1200 2212 1355 2254 cum
1405 2192 1784 2276 quindecim
1832 2202 1996 2257 scot.
2060 2193 2220 2256 item
2269 2215 2391 2276 pro
2438 2193 2731 2276 piscibus
2796 2193 3173 2258 recentibus
3219 2196 3307 2257 ad
3355 2193 3605 2256 frixan-

402 2303 564 2366 dum
613 2311 748 2364 tres
793 2300 936 2363 fert.
983 2299 1142 2362 item
1190 2319 1312 2381 pro
1359 2301 1612 2362 talento
1658 2299 1787 2362 olei
1831 2300 2202 2382 papaueriS‚
2250 2311 2535 2384 quatuor
2580 2323 2670 2366 se.

617 2408 735 2471 Ad
785 2407 1141 2490 coquinam
1192 2406 1464 2471 domine
1510 2406 1784 2491 Regine
1841 2417 1912 2469 et
1959 2407 2230 2470 Inueni:
2297 2407 2456 2471 item
2505 2430 2627 2492 pro
2674 2408 2971 2491 piscibus
3016 2410 3397 2490 recentibus
3444 2430 3605 2491 qua·-

401 2527 554 2580 tuor
600 2536 760 2579 mar.
811 2515 908 2577 VI
955 2535 1045 2578 sc.
1093 2513 1252 2577 item
1300 2514 1518 2596 pisces
1565 2513 1738 2588 salsi,
1786 2514 2120 2598 angwille‚
2167 2515 2382 2600 alleca
2418 2519 2743 2598 patebunt
2782 2516 2847 2578 in
2887 2527 3213 2599 apparatu
3254 2527 3323 2580 et
3360 2519 3603 2597 oleum,

402 2625 562 2688 item
615 2644 736 2706 pro
785 2621 1203 2686 cruczmorka
1259 2633 1326 2685 et
1361 2619 1734 2706 posternak
1779 2631 2068 2704 quatuor
2112 2633 2274 2685 scot.
2324 2622 2495 2684 item·
2532 2643 2653 2704 pro
2700 2644 3037 2706 papauere
3084 2636 3153 2687 ct
3197 2625 3451 2687 semine
3496 2645 3603 2688 ca-

403 2731 561 2815 napi
606 2731 672 2792 V
718 2741 880 2794 scot.
936 2730 1092 2793 item
1144 2751 1266 2813 pro
1313 2749 1472 2792 coro
1517 2728 1640 2810 pisi
1687 2741 1756 2792 et
1801 2729 1931 2790 alio
1977 2729 2135 2813 milij
2184 2728 2322 2790 VII
2370 2752 2460 2793 se.
2525 2731 2685 2793 item
2751 2751 2873 2813 pro
2938 2733 3088 2796 oleo
3136 2731 3491 2814 papaueris
3536 2731 3601 2793 II

401 2849 565 2903 scot.
612 2839 769 2902 item
835 2858 959 2920 pro
1023 2837 1316 2900 semellis
1381 2845 1448 2898 et
1512 2835 1774 2899 circulis
1839 2835 2134 2918 quinque
2181 2857 2272 2899 se.
2341 2836 2499 2900 item
2558 2858 2682 2920 pro
2728 2859 3065 2921 papauere
3113 2850 3249 2902 tres
3294 2859 3395 2922 gr.
3442 2837 3600 2901 item

401 2969 524 3032 pro
571 2944 867 3028 quinque
914 2945 1292 3008 octualibus
1337 2942 1635 3018 ceruisie‚
1682 2943 2028 3026 quodlibet
2076 2964 2196 3006 vas
2243 2944 2626 3026 recipiendo
2666 2965 2785 3026 per
2826 2945 2993 3008 VIII
3034 2965 3123 3009 sc.
3160 2945 3225 3008 in
3266 2955 3407 3010 toto
3444 2945 3603 3008 facit

402 3076 566 3120 mar.
615 3052 792 3116 XVI
839 3063 1004 3116 scot.
1048 3051 1206 3114 item
1256 3072 1378 3132 pro
1425 3061 1712 3114 anenata
1760 3061 1828 3114 et
1875 3049 2206 3114 lenticulis
2253 3051 2321 3114 II
2367 3063 2531 3116 scot.

616 3162 950 3225 Secuntur
994 3159 1230 3242 dyeria
1275 3159 1628 3223 distributa
1674 3177 1795 3242 per
1837 3158 2257 3240 dyerarium:
2324 3159 2485 3222 item
2551 3181 2673 3243 pro
2739 3160 3030 3244 piscibus
3086 3159 3467 3240 recentibus
3513 3131 3601 3222 eid

400 3270 952 3342 distribuendum,
999 3267 1157 3350 quia
1202 3266 1307 3349 alij
1358 3267 1444 3329 de
1489 3265 1742 3347 piscina
1787 3285 1907 3348 pro
1954 3264 2204 3328 familia
2249 3265 2533 3342 fuerunt,
2584 3267 2716 3329 VII
2764 3267 2912 3330 fert.
2962 3267 3118 3330 item
3165 3268 3381 3352 pisces
3425 3267 3600 3340 salsi,

400 3380 644 3451 oleum,
691 3378 904 3440 alleca
950 3375 1278 3459 patebunt
1323 3374 1390 3436 in
1437 3382 1778 3455 apparatu,
1846 3371 2004 3436 item
2053 3393 2177 3454 pro
2225 3373 2451 3436 II-bus
2508 3374 2838 3438 mensuris
2884 3374 3025 3457 pisi,
3093 3373 3314 3442 media
3358 3395 3598 3457 sexag.

398 3487 558 3550 item
605 3504 728 3567 pro
777 3484 1002 3546 II-bus
1048 3481 1375 3544 mensuris
1421 3480 1599 3562 maij,
1661 3499 1861 3542 marc.
1926 3480 2085 3542 item
2151 3500 2272 3562 pro
2342 3480 2565 3544 II·bus
2632 3481 2960 3545 mensuris
3026 3480 3299 3544 seminis
3363 3482 3602 3564 canapi

399 3595 474 3656 X
521 3603 684 3658 scot.
747 3591 908 3654 item
960 3611 1079 3672 pro
1144 3587 1418 3651 simellis
1464 3587 1570 3649 IX
1619 3607 1720 3671 gr.
1785 3587 1940 3649 item
2006 3608 2128 3670 pro
2197 3587 2381 3650 XIX
2448 3589 2825 3652 octualibus
2890 3588 3185 3664 ceruisie‚
3226 3587 3600 3670 quodlibet

397 3702 664 3765 octuale
711 3698 1090 3780 recipiendo
1138 3716 1257 3777 per
1303 3694 1474 3756 VIII
1521 3704 1684 3758 scot.
1731 3694 1796 3756 in
1845 3704 1990 3758 toto
2035 3693 2194 3758 facit
2241 3694 2344 3757 VI
2392 3714 2554 3758 mar.
2602 3695 2774 3758 VIII
2822 3717 2911 3758 se.

612 3808 786 3870 Item
833 3803 1198 3868 falconistis
1243 3824 1366 3885 pro
1414 3802 1632 3884 pulliS,
1678 3802 2008 3865 columbis
2054 3811 2120 3864 et
2166 3803 2447 3886 sugellis
2495 3803 2636 3865 XII
2653 3803 2715 3884 ¹l2
2774 3824 2875 3886 gr.

611 3915 895 3980 Summa
939 3912 1136 3974 huius
1181 3910 1329 3994 dieij
1379 3909 1538 3972 facit
1584 3909 1812 3972 XXX
1861 3929 2022 3972 mar.
2069 3909 2136 3971 II
2152 3909 2214 3990 ¹s2
2274 3930 2376 3993 gr.

610 4021 926 4104 Sequitur
961 4019 1126 4082 feria
1162 4028 1358 4080 sexta
1397 4017 1597 4100 (15s3)
1638 4018 1724 4080 ad
1761 4015 2112 4098 prandium
2151 4015 2397 4080 familie
2435 4017 2685 4080 domini
2726 4017 2947 4102 Regis
2982 4018 3048 4081 in
3088 4013 3595 4099 Schlompmkz':

395 4134 554 4196 item
607 4151 728 4214 pro
772 4127 1066 4210 piscibus
1121 4124 1370 4188 familie
1436 4123 1736 4187 eiusdem
1803 4124 2184 4188 recentibus
2249 4126 2382 4187 due
2430 4145 2591 4188 mar.
2656 4125 2813 4188 item
2865 4125 3084 4207 pisces
3130 4124 3592 4205 salsi,·oleum‚

394 4241 609 4302 alleca
656 4237 981 4320 patebunt
1026 4235 1091 4296 in
1141 4241 1488 4316 apparatu,
1550 4232 1710 4295 item
1759 4252 1882 4314 pro
1929 4253 2064 4294 vno
2129 4252 2288 4294 coro
2336 4231 2461 4314 pisi
2525 4243 2591 4294 et
2636 4233 2767 4311 alio
2816 4231 2971 4315 milij
3023 4232 3157 4297 VII
3205 4242 3369 4296 scot.
3433 4231 3588 4294 item

392 4367 516 4427 pro
551 4341 922 4428 posternak
967 4340 1069 4404 III
1117 4361 1216 4424 gr.
1263 4340 1422 4401 item
1468 4359 1591 4420 pro
1638 4339 1932 4402 semellis
1976 4339 2042 4401 II
2089 4359 2179 4402 sc,
2227 4339 2386 4401 item
2434 4360 2557 4420 pro
2608 4341 2669 4421 Ὗ,
2719 4361 2879 4404 coro
2928 4339 3280 4422 papaueris
3327 4348 3463 4401 tres
3496 4359 3589 4416 sc.

391 4455 552 4516 item
601 4471 722 4532 pro
769 4449 1023 4514 semine
1071 4447 1306 4529 canapi
1355 4448 1421 4509 II
1468 4467 1556 4510 sc,
1603 4445 1764 4508 item
1813 4466 1934 4527 pro
1981 4445 2192 4508 tribus
2238 4446 2617 4510 octualibus
2660 4447 2942 4511 ceruisie
2990 4448 3020 4510 I
3069 4466 3229 4510 mar.

607 4558 726 4621 Ad
773 4557 1132 4640 coquinam
1177 4555 1448 4619 domine
1515 4553 1790 4638 Regine
1838 4565 1907 4616 et
1951 4553 2185 4616 queni
2234 4563 2357 4617 ete.
2448 4554 2621 4616 Item
2687 4575 2808 4636 pro
2873 4554 3165 4637 piscibus
3210 4553 3587 4632 recentibus

394 4669 480 4732 ad
529 4665 882 4750 prandium
931 4676 1067 4727 tres
1114 4684 1274 4726 mar.
1338 4682 1490 4724 cum
1540 4661 1725 4724 XIX
1773 4672 1936 4724 scot.
1999 4661 2158 4724 item
2206 4661 2425 4743 pisces
2470 4661 2643 4734 salsi,
2708 4661 3041 4745 angwille,
3086 4662 3327 4732 oleum,
3376 4660 3588 4736 alleca

391 4775 720 4858 patebunt
764 4773 828 4836 in
878 4782 1222 4854 apparatu,
1269 4771 1426 4832 item
1475 4789 1596 4851 pro
1642 4768 1802 4851 pisis
1846 4778 1911 4830 et
1959 4767 2140 4830 milio
2188 4767 2323 4830 VII
2371 4767 2516 4830 fert.
2563 4767 2719 4830 item
2770 4789 2890 4850 pro
2936 4777 3223 4831 anenata
3269 4779 3353 4830 et
3382 4786 3585 4848 papa-

389 4903 550 4946 uere
597 4891 733 4944 tres
777 4901 867 4942 se.
915 4879 1070 4941 item
1121 4898 1243 4960 pro
1289 4877 1440 4939 oleo
1487 4875 1840 4958 papaueris
1886 4874 1952 4936 V
2000 4895 2101 4959 gr.
2147 4874 2307 4939 item
2354 4894 2477 4955 pro
2524 4874 2773 4956 rapulis
2821 4874 2850 4936 I
2898 4883 3058 4936 scot.
3107 4873 3267 4954 item
3315 4894 3438 4955 pro
3484 4894 3585 4936 se-

391 4989 609 5056 mellis
656 4988 727 5050 X
777 5007 877 5071 gr.
924 4986 1086 5048 item
1133 5005 1254 5067 pro
1301 4983 1598 5067 quinque
1646 4982 2020 5072 octualibus
2066 4981 2364 5055 ceruisie‚
2421 4981 2769 5064 quodlibet
2815 4981 3199 5063 recipiendo
3246 5000 3367 5062 per
3413 4978 3581 5043 VIII

389 5118 478 5160 se.
527 5115 688 5159 mar.
737 5093 913 5156 XVI
961 5101 1124 5156 scot.

603 5201 940 5266 Secuntur
1003 5199 1354 5262 distributa
1417 5219 1537 5281 per
1601 5198 1946 5281 dyearium
2013 5197 2397 5280 dyeriorum
2464 5197 2700 5258 eadem
2758 5194 2935 5258 -feria
2998 5205 3195 5260 sexta
3261 5193 3465 5276 (15s3)
3512 5194 3615 5258 in.

387 5307 897 5394 Schlompmki:
961 5307 1119 5371 item
1187 5328 1308 5389 pro
1372 5307 1666 5389 piscibus
1731 5305 2114 5368 recentibus
2177 5304 2244 5366 II
2293 5324 2457 5383 mar.
2503 5302 2639 5366 VII
2686 5314 2849 5366 scot.
2918 5303 3075 5365 item
3141 5302 3359 5385 pisces
3405 5301 3578 5374 salsi,

385 5421 622 5490 alleca,
667 5418 912 5490 oleum,
959 5415 1277 5498 angwille
1342 5415 1670 5496 patebunt
1717 5413 1782 5476 in
1830 5423 2173 5496 apparatu,
2239 5411 2399 5474 item
2466 5431 2590 5492 pro
2655 5410 2882 5473 II·bus
2946 5409 3277 5472 mensuris
3322 5409 3467 5490 pisi·
3508 5409 3571 5488 Ἰ,

387 5547 628 5610 sexag.
656 5524 816 5588 item
846 5545 969 5606 pro
1001 5523 1226 5586 Il-bus
1254 5521 1584 5585 mensuris
1613 5520 1770 5604 milij
1801 5540 1960 5582 mar.
1991 5519 2144 5582 item
2178 5539 2301 5601 pro
2331 5517 2557 5580 II-bus
2585 5517 2912 5580 mensuris
2939 5517 3211 5580 seminis
3238 5516 3475 5598 canapi
3509 5517 3569 5596 ¹J'2
