4592 6559
975 546 1094 607 242
1629 543 2010 610 REJESTRA
2059 543 2575 606 PonRzEc‘rWA
2622 531 3280 594 KORCZYNSKIEGO.
3339 552 3518 612 1394-

967 743 1186 816 tirum,
1231 744 1421 826 panis
1468 745 1660 806 albus
1706 745 1888 827 prius
1935 755 2177 826 empta,
2225 744 2415 825 panis
2462 744 2739 827 siliginis
2786 744 2852 805 V
2890 765 3125 829 sexag.
3173 756 3573 826 comparate,
3622 766 3744 828 pro
3792 747 3890 808 IV
3940 757 4168 810 octua-

967 851 1142 913 libus
1189 851 1468 914 ceruisie
1517 851 1624 932 ΙΨ..
1685 872 1845 914 τηατ.

1149 940 1338 1022 ’Βηε
1386 960 1658 1042 Regine
1699 962 1785 1022 ad
1823 981 2059 1022 cenam
2099 980 2308 1023 vacca
2338 959 2519 1042 prius
2558 970 2803 1040 empta,
2849 980 2973 1041 pro
3010 959 3079 1022 II
3116 959 3431 1022 arietibus
3460 959 3631 1022 VIII
3668 961 3852 1033 scoti,
3899 982 4020 1042 pro
4068 962 4167 1023 IV

967 1067 1226 1150 sugillis
1273 1067 1408 1129 VII
1456 1088 1555 1150 gr.
1603 1068 1768 1148 pulli
1814 1067 2099 1130 LXXX
2149 1067 2331 1149 prius
2378 1059 2600 1148 empti,
2649 1088 2772 1148 pro
2820 1067 2991 1128 lacte
3038 1076 3104 1129 et
3152 1087 3378 1130 crema
3425 1067 3559 1129 VII
3608 1088 3707 1150 gr.
3757 1089 3879 1148 pro
3926 1069 4167 1132 boletis

967 1174 1034 1236 II
1083 1174 1248 1236 scoti
1295 1175 1326 1236 1
1373 1185 1588 1257 quart.
1635 1195 1758 1258 pro
1805 1175 2159 1239 iuuenibus
2206 1175 2510 1237 caulibus
2548 1173 2651 1235 ΙΙΙ
2689 1194 2789 1257 gr.
2834 1175 3114 1249 lardum,
3162 1173 3353 1246 casei,
3400 1195 3547 1238 oua.
3594 1174 3885 1237 butirum
3936 1186 4004 1239 et
4040 1176 4167 1238 alia

967 1281 1148 1363 prius
1195 1293 1439 1363 empta,
1485 1304 1608 1365 pro
1655 1283 1911 1346 cancris
1957 1283 2061 1346 III
2109 1303 2204 1366 gr.
2270 1302 2395 1364 pro
2442 1302 2607 1364 cepe
2655 1290 2723 1344 et
2767 1281 3174 1362 petrozelino
3224 1281 3323 1343 III
3373 1293 3585 1363 quart.
3651 1282 3843 1364 panis
3889 1283 4167 1367 siliginis

965 1387 1033 1450 V
1081 1409 1314 1472 sexag.
1361 1410 1486 1472 pro
1535 1390 1639 1453 III
1686 1390 2062 1454 octualibus
2109 1390 2389 1452 ceruisie
2435 1389 2468 1450 Ι
2516 1407 2678 1451 τηατ.
2725 1387 2829 1450 ΙΙΙ
2876 1390 3060 1451 scoti.

1179 1496 1337 1559 Dno
1385 1496 1691 1560 Witoldo
1739 1499 1824 1560 ad
1873 1518 2108 1561 cenam
2157 1517 2395 1559 carnes
2440 1496 2688 1559 bouine
2734 1504 2804 1558 et
2848 1495 3110 1557 lardum
3160 1495 3342 1577 prius
3388 1508 3648 1578 empta;
3696 1517 3820 1578 pro
3866 1497 3968 1560 III
4005 1498 4166 1560 arie-

963 1603 1143 1666 tibus
1191 1603 1340 1684 ΧΨ,
1399 1604 1584 1676 scoti,
1630 1625 1752 1686 pro
1799 1604 1900 1666 VI
1949 1605 2209 1688 sug-illis
2254 1605 2358 1667 VI
2405 1604 2587 1678 scoti,
2637 1603 2801 1684 pulli
2865 1603 3014 1674 LX,
3082 1603 3276 1675 casei,
3342 1604 3653 1678 butirum,
3719 1625 3867 1679 oua,
3932 1605 4166 1687 pisum,

965 1710 1237 1772 mileum
1287 1711 1470 1792 prius
1517 1722 1760 1793 empta,
1805 1733 1930 1795 pro
1976 1714 2150 1775 laete
2218 1722 2285 1775 et
2334 1731 2561 1774 crema
2604 1711 2710 1775 III
2757 1732 2855 1795 gr.
2920 1711 3110 1792 panis
3176 1721 3243 1774 et
3308 1712 3589 1774 ceruisie
3654 1713 3836 1795 prius
3882 1723 4165 1795 recepta,

965 1839 1090 1898 pro
1136 1818 1239 1879 VI
1286 1839 1492 1882 mens,
1541 1841 1756 1882 auene
1800 1820 2146 1904 regalibus
2201 1819 2409 1901 equiS,
2456 1839 2577 1901 pro
2624 1818 2763 1881 VII
2810 1839 3017 1880 mens
3067 1838 3285 1882 auene
3333 1821 3522 1902 equis
3568 1819 3998 1903 reginalibuS,
4047 1841 4167 1902 pro

966 1925 1040 1986 X
1091 1945 1296 1988 mens,
1346 1947 1561 1989 auene
1607 1928 1720 1990 dni
1768 1927 2041 2000 Vitoldi‚
2088 1927 2458 2009 quamlibet
2498 1947 2705 1988 mens,
2752 1947 2873 2008 per
2918 1927 3020 1988 ΙΙΙ
3059 1936 3219 1990 scot.
3258 1928 3656 2010 recipiendO,
3704 1926 3863 1990 facit
3902 1927 3965 1990 II
4008 1949 4165 1990 τηατ.

965 2033 996 2094 I
1044 2042 1206 2096 scot.
1254 2034 1506 2096 lumina
1551 2044 1619 2096 et
1663 2055 1900 2116 sepum
1949 2036 2036 2097 ad
2082 2035 2429 2116 lampades
2477 2033 2757 2116 propria.

1069 2147 1075 2152 ⁴
1180 2139 1462 2204 Summa
1509 2141 1637 2204 diei
1684 2143 1870 2204 XIX
1919 2163 2079 2205 mar.
2127 2141 2300 2203 VIII
2347 2141 2515 2205 scoti
2563 2141 2594 2202 I
2643 2162 2741 2222 gr.
2790 2142 2855 2202 II
2904 2142 3054 2204 den.

1179 2249 1236 2311 F
1237 2249 1376 2311 eria
1425 2247 1525 2311 IV
1573 2249 2262 2332 Quatuortemporum
2312 2249 2589 2312 Karitas
2639 2248 2841 2331 (nole)
2908 2250 3044 2311 dno
3095 2248 3311 2332 Regi:
3378 2268 3502 2331 pro
3550 2249 3844 2330 piscibus
3890 2251 4165 2312 recenti-

965 2358 1092 2418 bus
1138 2356 1286 2436 11¹]2
1348 2378 1506 2420 τηατ.
1565 2377 1688 2439 pro
1753 2359 1934 2438 pisce.
2001 2363 2147 2441 ezop
2211 2357 2551 2440 wlgariter
2608 2355 2882 2440 gesotler
2928 2357 2957 2418 I
3006 2377 3165 2418 τηατ.
3232 2357 3339 2418 XI
3388 2367 3545 2419 scot.
3593 2377 3717 2438 pro
3764 2359 4021 2420 cancris
4066 2359 4167 2420 VI

965 2465 1150 2540 scoti,
1198 2485 1322 2546 pro
1387 2465 1626 2527 boletis
1692 2465 1802 2528 IX
1851 2486 1948 2549 gr.
2017 2486 2139 2546 pro
2205 2465 2665 2547 lampredibus
2710 2464 2783 2526 X
2832 2475 2994 2528 scot.
3043 2484 3164 2546 pro
3213 2465 3385 2526 lacte
3452 2475 3519 2527 et
3564 2485 3791 2527 crema
3837 2465 3938 2527 IV
3986 2467 4167 2538 scoti,

966 2591 1115 2645 oua,
1162 2572 1356 2648 casei,
1403 2572 1717 2648 butirum,
1765 2573 2001 2655 pisum,
2068 2573 2340 2635 mileum
2406 2573 2589 2654 prius
2654 2581 2897 2653 empta,
2966 2573 3157 2654 panis
3223 2572 3417 2635 albus
3484 2572 3669 2653 prius
3716 2583 3999 2654 emptus,
4048 2595 4166 2656 pro

965 2699 1132 2760 cepe
1179 2688 1246 2742 et
1291 2679 1696 2761 petrozelino
1745 2680 1849 2743 III
1897 2692 2110 2762 quart.
2156 2700 2279 2762 pro
2329 2681 2501 2742 lacte
2548 2680 2781 2762 pistori
2828 2680 2915 2741 ad
2963 2698 3233 2759 pascam
3276 2678 3419 2741 XII
3458 2680 3606 2742 den.
3654 2679 3847 2761 panis
3892 2681 4169 2764 siliginis

965 2785 1103 2849 VII
1150 2807 1386 2870 sexag.
1435 2798 1838 2869 comparate,
1885 2808 2008 2869 pro
2058 2787 2159 2848 IV
2205 2789 2586 2851 octualibus
2633 2787 2910 2850 ceruisie
2958 2787 3067 2868 I¹s2
3128 2807 3290 2848 mar.

1178 2894 1332 2956 Dne
1381 2895 1655 2978 Regine
1701 2896 1788 2958 ad
1835 2895 2190 2976 prandium
2237 2916 2361 2977 pro
2408 2895 2703 2978 piscibus
2750 2895 3129 2957 recentibus
3194 2895 3261 2956 Π
3319 2915 3482 2958 τηατ.
3521 2893 3585 2956 V
3622 2895 3807 2968 scoti,
3855 2916 3977 2978 pro
4014 2916 4167 2959 can-

967 3001 1096 3065 cris
1142 3002 1211 3065 II
1256 3002 1426 3066 scoti
1472 3003 1617 3065 XII
1665 3005 1814 3066 den.
1859 3023 1983 3085 pro
2031 3003 2272 3065 boletis
2342 3003 2519 3082 ΙΙΙῙΪ2
2580 3023 2677 3086 gr.
2724 3023 2845 3084 pro
2892 3002 3349 3084 lampredibus
3395 3002 3533 3064 VII
3580 3022 3677 3085 gr.
3716 3022 3837 3084 pro
3884 3004 4058 3065 lacte
4104 3012 4169 3064 et

968 3129 1195 3173 crema
1241 3109 1310 3173 II
1357 3110 1542 3184 scoti,
1589 3131 1714 3192 pro
1761 3130 1928 3192 cepe
1977 3121 2045 3173 et
2095 3111 2505 3192 petrozelino
2552 3111 2661 3190 1¹1‘2
2722 3130 2819 3194 gr.
2868 3130 3017 3182 oua,
3084 3110 3277 3182 casei,
3342 3109 3658 3185 butirum,
3724 3109 3914 3192 panis
3978 3112 4169 3173 albus

969 3218 1152 3300 prius
1203 3227 1447 3300 empta,
1493 3239 1626 3300 pro
1663 3220 1819 3281 beta
1867 3219 1975 3297 ΡΛ.
2035 3239 2132 3303 gr.
2180 3219 2374 3301 panis
2418 3217 2698 3302 siliginis
2743 3217 2810 3278 V
2858 3236 3093 3301 sexag.
3141 3237 3263 3298 pro
3310 3216 3413 3279 III
3470 3216 3845 3279 octualibus
3891 3217 4167 3280 ceruisie

968 3325 1001 3386 Ι
1050 3345 1210 3388 τηατ.
1258 3325 1361 3388 ΙΙΙ
1409 3326 1594 3390 scoti.

1182 3433 1339 3496 Dno
1385 3433 1694 3497 Witoldo
1741 3434 1826 3496 ad
1874 3434 2228 3514 prandium
2274 3454 2399 3515 pro
2447 3433 2739 3515 piscibus
2777 3431 2923 3494 XII
2960 3430 3145 3499 scoti.
3193 3452 3314 3512 pro
3354 3431 3807 3514 lampredibus
3844 3431 3946 3494 IV
3985 3433 4165 3506 scoti,

969 3561 1091 3622 pro
1139 3541 1394 3605 cancris
1440 3541 1473 3603 I
1519 3553 1682 3606 scot.
1731 3561 1854 3622 pro
1902 3540 2010 3604 CC
2059 3542 2204 3604 ouis
2242 3541 2345 3604 111
2385 3541 2569 3611 scoti,
2616 3539 2745 3602 alia
2792 3538 3075 3621 propria,
3124 3559 3243 3620 pro
3292 3539 3359 3600 11
3406 3538 3555 3601 ollis
3600 3539 3799 3600 butiri
3838 3538 3940 3601 IV
3986 3540 4168 3613 scoti,

969 3649 1143 3711 casei
1192 3649 1324 3710 LX
1372 3649 1554 3730 prius
1602 3649 1827 3731 empti,
1892 3649 2108 3731 pisum
2156 3649 2343 3730 prius
2388 3657 2710 3730 emptum,
2776 3665 2899 3728 pro
2946 3646 3145 3708 mileo
3196 3646 3297 3709 III
3344 3645 3529 3720 scoti,
3577 3646 3767 3729 panis
3813 3646 3884 3708 X
3934 3667 4168 3731 sexag.

969 3776 1091 3838 pro
1139 3755 1240 3818 VI
1288 3756 1663 3820 octualibus
1710 3756 1989 3819 ceruisie
2037 3757 2104 3819 11
2156 3777 2316 3820 mar.
2365 3755 2468 3818 VI
2515 3755 2700 3819 scoti.

1183 3863 1357 3926 Duci
1406 3865 1491 3926 de
1538 3864 1602 3927 S
1598 3863 1860 3927 molani
1911 3883 2034 3946 pro
2104 3863 2396 3945 piscibus
2444 3863 2545 3925 VI
2592 3862 2776 3937 scoti,
2842 3880 2966 3943 pro
3034 3860 3178 3922 ouis
3225 3859 3327 3922 III
3377 3881 3473 3944 gr.
3522 3860 3711 3942 panis
3777 3859 4058 3944 siliginis
4102 3861 4170 3924 ΙΙ

968 3990 1202 4054 sexag.
1251 3981 1655 4054 comparate,
1703 3993 1824 4052 pro
1870 3972 1902 4035 Ι
1951 3972 2196 4035 octuali
2242 3971 2523 4035 ceruisie
2568 3971 2678 4034 IX
2725 3969 2909 4032 scoti.

1183 4079 1360 4142 Duci
1405 4078 1686 4141 Andree
1733 4080 1798 4141 in
1846 4079 2096 4161 paratis
2141 4079 2172 4140 I
2223 4101 2384 4143 τηατ.
2450 4100 2572 4162 pro
2619 4077 2952 4161 expensiS,
3017 4075 3207 4157 panis
3264 4075 3331 4138 II
3378 4095 3613 4159 sexag.
3678 4096 3800 4158 pro
3848 4076 3881 4138 I
3926 4077 4169 4140 octuali

971 4186 1249 4250 ceruisie
1296 4187 1408 4249 IX
1453 4186 1637 4249 scoti.

1182 4292 1297 4356 Ad
1346 4293 1856 4357 distribuciones
1904 4296 2256 4377 generales
2306 4294 2604 4357 Lituanis
2652 4304 2719 4356 et
2766 4293 2911 4355 aliis
2956 4291 3375 4354 curiensibus
3412 4291 3527 4354 dni
3566 4291 3823 4375 Regis:
3869 4312 3993 4374 pro
4032 4291 4169 4356 VII

969 4401 1118 4464 ollis
1163 4401 1360 4464 butiri
1409 4401 1516 4462 IX
1563 4403 1750 4476 scoti,
1815 4423 1937 4484 pro
1984 4401 2130 4465 IVC
2187 4402 2333 4465 ouis
2399 4422 2518 4485 per
2584 4402 2651 4463 11
2719 4421 2852 4465 oua
2917 4421 3039 4483 pro
3106 4399 3398 4473 denario,
3464 4418 3729 4462 summa
3774 4398 3876 4461 VI
3924 4401 4090 4462 scoti
4137 4400 4167 4463 1

970 4519 1180 4591 quart.
1229 4509 1466 4590 pisum,
1531 4510 1804 4572 mileum
1869 4520 1936 4572 et
1982 4510 2111 4573 alia
2177 4511 2401 4573 omnia
2466 4511 2647 4592 prius
2712 4519 2956 4590 empta,
3020 4527 3143 4589 pro
3192 4505 3292 4569 VI
3340 4506 3713 4570 octualibus
3778 4508 4055 4572 ceruisie
4100 4507 4166 4570 ΙΙ

971 4635 1131 4679 τηατ.
1180 4615 1280 4677 VI
1328 4616 1514 4690 scoti,
1562 4618 1753 4699 panis
1799 4617 2077 4700 siliginis
2124 4618 2196 4679 X
2245 4638 2480 4702 sexag.
2529 4627 2933 4699 comparate.

1185 4724 1303 4788 Ad
1351 4746 1586 4788 cenam
1636 4726 2050 4789 curiensibus
2097 4727 2230 4788 dne
2279 4725 2589 4809 Regine:
2640 4746 2787 4798 oua,
2834 4723 3027 4797 casei,
3075 4723 3367 4786 butirum
3419 4733 3485 4786 et
3532 4722 3662 4785 alia
3706 4722 3889 4806 prius
3927 4732 4165 4804 empta,

969 4853 1092 4914 pro
1138 4834 1314 4895 lacte
1380 4843 1446 4894 et
1493 4853 1717 4896 crema
1764 4832 1829 4893 V
1878 4853 1975 4915 gr.
2041 4832 2232 4914 panis
2297 4832 2575 4916 siliginis
2623 4830 2688 4892 V
2736 4851 2973 4914 sexag.
3038 4851 3159 4911 pro
3207 4830 3309 4892 ΙΙΙ
3375 4830 3750 4893 octualibus
3814 4829 4091 4893 ceruisie
4135 4829 4167 4891 I

970 4960 1131 5002 mar.
1179 4941 1281 5002 III
1329 4939 1513 5012 scoti,
1561 4940 1750 5022 equis
1796 4940 1912 5003 dni
1959 4940 2180 5022 Regis
2227 4959 2442 5002 auene
2490 4939 2663 5002 VIII
2709 4959 2915 5001 mens.
2982 4939 3171 5020 equis
3237 4938 3368 4999 dne
3435 4937 3710 5028 Regin-e
3769 4957 3981 5000 auene
4030 4936 4167 4999 XII

971 5067 1178 5110 menS.
1210 5047 1400 5130 equis
1429 5047 1544 5110 dni
1573 5046 1876 5111 Vitholdi
1905 5047 1976 5109 X
2009 5067 2214 5110 menS.
2254 5048 2439 5128 prius
2478 5056 2720 5128 empte‚
2758 5067 2993 5128 sepum
3026 5048 3108 5108 ad
3140 5046 3486 5126 lampades
3515 5055 3582 5108 et
3610 5045 3863 5108 lumina
3889 5044 4168 5127 propria.

1185 5153 1468 5217 Summa
1515 5155 1643 5217 diei
1691 5155 1878 5217 XIX
1927 5174 2084 5217 mar.
2133 5155 2321 5216 XXI
2367 5155 2550 5218 scoti.

1185 5261 1380 5324 Feria
1426 5261 1493 5323 V
1542 5262 1740 5345 (11s6)
1788 5262 2180 5344 inceperunt
2227 5263 2315 5323 ad
2362 5263 2713 5344 prandium
2766 5281 3133 5343 expensam
3183 5262 3317 5322 dno
3366 5259 3552 5342 Regi
3599 5269 3664 5321 et
3710 5259 3846 5322 dne
3894 5259 4167 5342 Regine

971 5389 1122 5430 curn
1171 5369 1482 5432 omnibus
1528 5369 1812 5432 ducibus
1875 5371 1959 5432 de
2022 5370 2339 5432 thezauro
2406 5369 2519 5430 dni
2587 5369 2806 5450 Regis
2871 5368 3279 5440 ministrare;
3346 5368 3490 5448 ipso
3545 5367 3654 5429 die
3700 5368 4167 5430 tantummodo

970 5477 1105 5538 dno
1156 5475 1506 5539 Witholdo
1553 5478 1636 5538 ad
1686 5487 1896 5540 totam
1946 5477 2124 5539 diem
2182 5497 2306 5558 pro
2355 5475 2455 5537 IV
2504 5478 2722 5538 bobus
2770 5476 2871 5537 III
2920 5496 3079 5538 mar.
3131 5474 3271 5536 XV
3320 5473 3503 5548 scoti,
3568 5474 3696 5536 alia
3744 5474 3970 5536 omnia
4014 5483 4173 5536 sunt

971 5585 1056 5645 de
1103 5594 1375 5645 tezauro
1421 5583 1536 5646 dni
1584 5583 1806 5666 Regis
1852 5584 2238 5646 ministrata.

1185 5691 1468 5754 Summa
1515 5691 1643 5754 diei
1690 5691 1793 5753 III
1839 5712 2000 5754 τηατ.
2051 5691 2193 5753 XV
2241 5691 2427 5754 scoti.
