4592 6559
769 496 1148 564 REJESTRA
1193 485 1618 560 wrm-noum
1667 498 2325 564 mexonzA‘chY
2372 501 3029 554 KRAKowsmeO.
3088 505 3271 566 1420.
3488 503 3611 566 545

423 695 484 758 ei
529 697 764 760 decem
806 718 969 762 vasa
1007 700 1302 770 ceruisie‚
1351 711 1418 763 et
1456 721 1588 783 que
1627 701 1852 764 omnia
1897 711 2056 766 sunt
2099 703 2187 766 de
2233 703 2634 767 molendinis
2678 702 2916 768 soluta.
2964 701 3133 766 Item
3183 721 3307 785 pro
3354 699 3621 763 semelis

423 803 644 866 eidem
693 825 845 869 cum
893 804 1140 870 familia
1203 819 1365 870 tunc
1411 828 1614 892 super
1676 820 1896 872 castro
1942 829 2170 872 secum
2217 808 2476 884 iacenti,
2523 821 2592 874 et
2637 808 2899 874 circulis
2946 809 3239 874 sedecim
3288 817 3454 872 scot.
3498 825 3621 888 per

425 912 662 974 eadem
709 922 1016 995 tempora
1061 923 1128 976 et
1174 914 1600 996 septimanas
1640 915 1818 978 XVI
1855 926 2018 980 scot.
2720 997 2728 1004 ·

641 1017 924 1084 Summa
968 1021 1166 1086 huius
1213 1026 1570 1105 columpne
1615 1022 1774 1086 facit
1819 1023 1963 1086 XII
2010 1043 2173 1088 mar.
2221 1023 2435 1086 XIIII
2482 1033 2644 1087 scot.
2672 1021 2733 1106 ¹).
3070 1090 3073 1098 ,

643 1123 960 1209 Sequitur
1022 1129 1232 1193 stacio
1294 1131 1564 1194 domine
1631 1129 1906 1214 Regine
1967 1130 2034 1194 in
2083 1129 2557 1196 Proschom‘cze
2618 1131 2726 1194 die
2780 1131 3064 1194 sabbato
3109 1128 3423 1214 proximo
3468 1137 3625 1192 ante

427 1232 830 1298 dominicam
915 1235 1380 1300 Reminiscere
1463 1237 1620 1320 (²s3)
1703 1257 1900 1312 anno,
1983 1258 2119 1320 quo
2199 1258 2432 1321 supra,
2513 1240 2787 1321 quando
2870 1238 3194 1320 equitauit
3275 1237 3627 1319 expedicio

427 1340 682 1404 domini
756 1341 977 1424 Regis
1049 1342 1113 1405 in
1181 1343 1466 1407 Nowam
1534 1343 1888 1417 ciuitatem,
1953 1356 2114 1408 tunc
2178 1347 2264 1409 ad
2329 1347 2681 1427 prandium
2760 1345 2999 1409 eodem
3074 1345 3216 1408 die:
3280 1344 3439 1406 item
3505 1362 3629 1425 pro

429 1445 722 1528 piscibus
797 1449 1181 1513 recentibus
1255 1471 1456 1514 vnam
1523 1471 1684 1515 mar.
1750 1451 1909 1515 item
1974 1473 2097 1534 pro
2161 1453 2316 1516 oleo
2380 1462 2667 1535 quatuor
2728 1474 2829 1537 gr.
2895 1453 3052 1516 item
3122 1472 3247 1534 pro
3310 1450 3632 1514 allecibus

445 1555 508 1634 ΙΙ,
569 1574 728 1619 mar.
795 1557 950 1620 item
999 1577 1122 1639 pro
1186 1558 1459 1620 simellis
1521 1560 1658 1622 duo
1703 1567 1867 1622 scot.
1930 1559 2089 1623 item
2155 1580 2471 1643 papauer,
2538 1561 2811 1636 milium,
2876 1562 3095 1641 pisum
3144 1570 3211 1621 et
3257 1557 3387 1621 alia
3432 1566 3625 1620 erant

431 1661 717 1744 propria,
781 1663 938 1727 item
987 1685 1112 1746 pro
1157 1665 1308 1728 ollis
1353 1677 1421 1728 et
1485 1665 1769 1730 olliculis
1810 1667 1952 1730 duo
1995 1676 2158 1730 scot.
2223 1666 2384 1730 item
2431 1687 2555 1749 pro
2602 1667 2635 1730 I
2652 1668 2713 1748 Ἰ,
2773 1667 3020 1730 octuali
3087 1664 3367 1730 ceruisie
3414 1662 3633 1728 XIIII

432 1781 600 1834 scot.
637 1769 704 1830 V
750 1791 850 1856 gr.

652 1876 822 1939 Item
871 1877 978 1942 die
1041 1879 1378 1942 dominico
1443 1880 1910 1944 Reminiscere
1957 1881 2114 1964 (3s3)
2180 1882 2454 1946 recessit
2518 1883 2605 1946 de
2660 1878 3097 1946 Proschom‘ce
3158 1889 3227 1944 et
3274 1888 3435 1943 tunc
3480 1897 3633 1941 cum

433 1982 580 2064 ipsa
629 1985 844 2066 pisces
891 1995 1048 2050 sunt
1093 1986 1344 2070 recepti
1391 2007 1516 2069 pro
1563 1989 1636 2070 (s)
1685 1989 1773 2050 ad
1817 1987 1997 2052 viam
2044 1988 2224 2052 XIII
2272 1998 2437 2053 scot.

653 2090 972 2182 Sequitur
1014 2094 1225 2158 stacio
1271 2095 1542 2157 domine
1586 2094 1847 2174 iuuenis
1892 2094 2169 2180 Regine
2214 2116 2367 2159 cum
2414 2095 2683 2160 filiabus
2728 2096 3001 2160 domine
3048 2094 3325 2180 Regine
3366 2095 3436 2174 in
3476 2093 3639 2157 Pro-

435 2196 738 2262 schouz'ce
781 2199 945 2264 feria
1008 2202 1306 2264 secunda
1371 2201 1680 2284 proxima
1745 2212 1900 2286 post
1963 2202 2363 2266 dominicam
2433 2203 2901 2267 Reminiscere
2948 2203 3105 2287 (4s3)
3154 2205 3239 2267 ad
3285 2201 3637 2286 prandium

438 2324 594 2369 cum
641 2305 893 2370 familia
936 2315 1112 2370 tota:
1161 2307 1318 2370 item
1367 2328 1490 2390 pro
1535 2307 1826 2390 piscibus
1874 2309 2255 2372 recentibus
2303 2309 2413 2391 ΙΙΙ,
2472 2330 2633 2375 mar.
2680 2310 2837 2375 item
2887 2331 3010 2392 pro
3056 2295 3379 2373 allecibus
3426 2306 3640 2370 XVII

439 2422 606 2478 scot.
654 2413 810 2478 item
863 2435 983 2497 pro
1031 2416 1184 2478 oleo
1248 2427 1385 2478 tres
1431 2436 1520 2480 sc.
1585 2417 1743 2479 item
1803 2436 1927 2500 pro
1989 2437 2329 2500 papauere
2392 2429 2530 2480 tres
2595 2438 2695 2502 gr.
2763 2417 2921 2480 item
2990 2416 3229 2498 pisum,
3277 2415 3527 2496 milium
3575 2424 3643 2475 et

439 2521 570 2583 alia
615 2533 808 2584 erant
851 2522 1138 2603 propria,
1203 2523 1364 2585 item
1430 2543 1553 2604 pro
1617 2523 1892 2586 simellis
1961 2535 2028 2588 et
2075 2523 2341 2586 circulis
2406 2535 2696 2606 quatuor
2742 2533 2907 2587 scot.
2973 2524 3132 2586 item
3180 2542 3304 2604 pro
3350 2521 3645 2604 piscibus

441 2627 637 2691 salsis
685 2649 804 2710 pro
850 2628 1100 2692 familia
1145 2640 1300 2692 octo
1347 2649 1438 2693 sc.
1501 2631 1660 2692 item
1707 2650 1832 2712 pro
1877 2631 2174 2693 scutellis
2221 2641 2288 2695 et
2336 2633 2487 2695 ollis
2530 2642 2823 2713 quatuor
2865 2649 2955 2692 sc.
3002 2631 3161 2693 item
3210 2649 3334 2712 pro
3372 2629 3647 2706 ‚duobus

444 2736 818 2798 octualibus
865 2735 1144 2798 ceruisie
1189 2735 1437 2798 XVIII
1486 2745 1649 2800 scot.

659 2837 944 2906 Summa
986 2843 1184 2904 huius
1229 2841 1388 2905 facit
1434 2843 1536 2906 VI
1583 2864 1745 2908 mar.
1793 2854 1932 2907 tres
1977 2843 2294 2908 fertones,

661 2948 980 3032 Sequitur
1025 2951 1236 3014 stacio
1281 2951 1534 3014 domini
1581 2951 1804 3036 Regis
1869 2952 2068 3014 simul
2115 2973 2270 3015 cum
2319 2953 2591 3016 domina
2660 2952 2937 3038 Regina
2982 2963 3052 3016 et
3098 2950 3325 3032 iuueni
3352 2959 3441 3032 ‘et
3484 2946 3649 3011 filia-

447 3060 576 3120 bus
623 3057 897 3142 Regine
948 3056 1013 3118 in
1063 3055 1550 3130 Proschouz'cze,
1597 3057 1761 3122 feria
1806 3060 2103 3122 secunda
2161 3060 2473 3141 proxima
2536 3069 2688 3142 post
2732 3060 3137 3122 dominicam
3184 3057 3383 3138 Oculi
3429 3058 3481 3138 (1
3504 3055 3649 3139 1s3),

449 3165 722 3247 quando
766 3175 1100 3228 venerunt
1145 3165 1231 3228 de
1301 3163 1816 3229 Waurzz'nczz'cze
1861 3167 1948 3229 ad
1995 3167 2369 3248 prandium.

664 3271 838 3334 Item
887 3267 972 3334 ad
1020 3271 1378 3353 coquinam
1427 3272 1679 3336 domini
1726 3272 1982 3358 Regis:
2048 3273 2210 3336 item
2256 3273 2477 3355 pisces
2522 3282 2828 3337 recentes
2875 3283 3067 3337 erant
3112 3273 3199 3336 de
3243 3271 3515 3355 piscina⁴
3544 3288 3659 3334 ru-

452 3379 607 3464 gali.
653 3379 813 3441 item
864 3379 1081 3469 pisces
1126 3379 1282 3441 salsi
1327 3379 1656 3460 patebunt
1702 3378 1768 3441 in
1815 3391 2163 3462 apparatu,
2230 3380 2391 3444 item
2459 3381 2671 3444 alleca
2736 3391 2803 3444 et
2850 3381 3075 3444 oleum
3124 3378 3442 3453 similiter,
3488 3377 3647 3440 item

453 3506 575 3569 pro
621 3485 1042 3548 cruczmorka
1088 3497 1156 3548 et
1192 3485 1566 3570 posternak
1609 3495 1898 3568 quatuor
1941 3499 2106 3550 scot.
2169 3487 2330 3551 item
2378 3507 2503 3570 pro
2550 3487 2825 3551 simellis
2871 3487 2948 3550 X
2996 3507 3095 3569 gr.
3162 3487 3321 3550 item
3367 3504 3493 3569 pro
3538 3503 3654 3566 pa-

453 3613 718 3676 pauere,
765 3593 1020 3656 semine
1068 3593 1302 3674 canapi
1351 3592 1488 3655 VII
1533 3604 1695 3656 scot.
1761 3594 1922 3658 item
1973 3595 2304 3669 lenticula,
2370 3605 2661 3678 anenata
2708 3593 2774 3655 V
2820 3603 2983 3658 scot.
3030 3594 3191 3658 item
3237 3593 3512 3674 milium,
3556 3590 3655 3674 pi-

452 3721 604 3764 sum
651 3715 842 3763 erant
905 3701 1190 3782 propria,
1255 3701 1416 3764 item
1480 3720 1604 3783 pro
1668 3713 1930 3783 septem
1997 3702 2375 3766 octualibus
2440 3701 2717 3765 ceruisie
2780 3721 2902 3786 per
2947 3701 3057 3764 IX
3104 3712 3267 3764 scot.
3314 3701 3446 3764 due
3490 3715 3655 3762 mar.

454 3807 599 3872 XV
646 3827 736 3872 sc.
1441 3889 1448 3896 .
3268 3877 3275 3888 ,

671 3915 842 3978 Item
889 3915 1252 3997 pistoribus
1315 3915 1688 4002 regalibus:
1754 3915 1913 3978 item
1961 3936 2084 3998 pro
2131 3917 2397 3979 duobus
2459 3915 2671 3980 saccis
2734 3913 2961 3992 farine,
3026 3935 3163 3978 vno
3209 3914 3367 3976 albo
3411 3921 3481 3974 et
3525 3910 3659 3974 alio

457 4023 760 4108 siliginis,
807 4043 1012 4104 super
1057 4033 1267 4086 totam
1319 4023 1703 4098 stacionem,
1751 4043 1887 4086 vna
1933 4043 2094 4087 mar.
2142 4021 2285 4085 XV
2314 4033 2475 4086 scot.
2520 4023 2678 4085 item
2726 4041 2852 4104 pro
2897 4024 3051 4085 oleo
3094 4019 3451 4104 papaueris
3495 4037 3659 4102 qua-

457 4141 612 4194 tuor
657 4140 818 4192 scot.
865 4129 1026 4192 item
1075 4129 1292 4212 pisces
1337 4131 1424 4192 ad
1470 4128 1880 4194 friesandum
1928 4130 1994 4193 in
2042 4132 2197 4194 oleo
2243 4140 2435 4193 erant
2479 4129 2749 4212 proprij.
3584 4205 3591 4209 ⁹

673 4236 844 4299 Item
892 4238 979 4300 ad
1025 4237 1382 4319 coquinam
1433 4237 1703 4301 domine
1770 4238 2045 4322 Regine
2112 4247 2180 4301 et
2225 4236 2532 4300 quenis:
2598 4236 2759 4300 item
2828 4235 3046 4319 primo
3091 4235 3308 4318 pisces
3352 4239 3661 4319 recentes

459 4347 547 4409 de
593 4344 846 4426 piscina
894 4343 1162 4426 propria
1227 4355 1432 4418 erant,
1498 4344 1661 4407 item
1725 4345 1942 4426 pisces
2007 4345 2178 4420 salsi,
2244 4345 2473 4418 alleca,
2543 4345 2765 4408 oleum
2832 4345 3160 4426 patebunt
3204 4343 3272 4406 in
3318 4347 3663 4424 apparatu,

461 4454 621 4515 item
669 4471 792 4533 pro
840 4450 1273 4538 cmczmorka,
1308 4450 1724 4534 posternaka
1771 4455 1844 4532 (s)
1890 4463 2028 4516 tres
2073 4473 2162 4515 sc.
2211 4453 2372 4514 item
2420 4471 2544 4533 pro
2588 4470 2950 4534 papauere,
3014 4450 3271 4514 semiue
3316 4445 3553 4529 canapi
3599 4443 3665 4507 V

461 4579 552 4622 sc.
600 4559 759 4622 item
808 4579 930 4641 pro
977 4569 1264 4644 auenata
1311 4557 1413 4620 IV
1427 4559 1490 4638 ¹l2
1549 4579 1650 4642 gr.
1715 4559 1874 4622 item
1921 4559 2159 4642 pisum,
2209 4558 2461 4622 milium
2510 4569 2701 4622 erant
2747 4559 2835 4621 de
2880 4559 3143 4632 allodi0‚
3208 4556 3366 4620 item
3416 4573 3540 4636 pro
3584 4550 3668 4615 si-

465 4665 682 4730 mellis
729 4679 796 4729 et
841 4667 1102 4730 circulis
1148 4675 1436 4748 quatuor
1479 4685 1571 4728 se.
1615 4665 1776 4728 item
1823 4686 1947 4748 pro
1993 4666 2290 4749 quinque
2337 4666 2711 4729 octualibus
2757 4665 3035 4728 ceruisie
3082 4683 3202 4748 per
3244 4662 3356 4726 IX
3392 4681 3483 4724 sc.
3528 4661 3662 4742 due

467 4794 629 4838 mar.
677 4773 896 4837 minus
943 4793 1066 4835 sex
1113 4794 1214 4857 gr.

682 4880 855 4944 Item
902 4880 1184 4944 dietario
1221 4882 1308 4944 ad
1346 4880 1877 4944 distribuendum
1916 4880 2122 4943 dier-ia
2159 4879 2460 4952 ducibus
2506 4878 2881 4962 dignitarijs
2918 4886 2985 4940 et
3022 4874 3454 4939 officialibus:
3500 4873 3663 4960 item

467 4989 684 5073 primo
729 4988 948 5070 pisces
993 4997 1300 5051 recentes
1346 4998 1539 5050 erant
1585 4989 1671 5052 de
1719 4987 1986 5069 piscina,
2049 4987 2210 5050 item
2257 4987 2475 5068 pisces
2520 4986 2695 5060 salsi,
2742 4986 2973 5057 alleca,
3039 4985 3266 5046 oleum
3330 4982 3661 5064 patebunt

465 5097 534 5159 in
583 5106 926 5178 apparatu.
971 5095 1131 5158 item
1199 5097 1331 5158 due
1398 5115 1708 5158 mensure
1773 5093 1898 5176 pisi
1942 5102 2009 5155 et
2055 5094 2189 5156 due
2236 5092 2433 5168 milei,
2497 5095 2632 5157 due
2696 5091 2971 5156 seminis
3035 5088 3274 5173 canapi
3339 5099 3531 5152 erant
3575 5088 3696 5151 do‘

467 5204 732 5276 allodio,
777 5203 936 5266 item
986 5223 1108 5288 pro
1155 5203 1430 5266 simellis
1474 5203 1561 5266 ad
1606 5201 2136 5265 distribuendum
2185 5209 2477 5282 quatuor
2522 5219 2611 5263 sc.
2676 5200 2835 5262 item
2884 5218 3007 5280 pro
3052 5197 3241 5261 XIX
3288 5195 3663 5261 octualibus

466 5309 745 5374 ceruisie
789 5329 911 5392 per
956 5309 1126 5373 VIII
1172 5319 1334 5373 scot.
1379 5309 1538 5372 facit
1583 5329 1707 5372 sex
1753 5328 1914 5372 mar.
1961 5306 2133 5370 VIII
2179 5318 2343 5370 scot.

684 5415 968 5482 Summa
1011 5418 1210 5481 huius
1255 5416 1414 5483 facit
1459 5416 1674 5480 XIIII
1721 5436 1882 5478 mar.
1931 5415 2075 5477 XII
2087 5419 2150 5496 ¹l2
2211 5435 2313 5498 gr.

687 5649 722 5716 ¹)
759 5652 972 5702 Dodano
1005 5667 1070 5700 na
1103 5651 1419 5716 marginesie:
1456 5649 1626 5714 viginti
1661 5649 1754 5697 tria
1789 5663 1904 5697 vasa
1941 5655 2054 5697 sunt
2089 5647 2153 5696 de
2189 5645 2482 5696 molendinis
2518 5643 2695 5695 soluta..

684 5773 976 5818 umam-nt·
997 5773 1138 5818 modii
1161 5772 1262 5817 avi
1305 5771 1356 5815 ϊ.
1383 5770 1480 5814 xv,
3384 5751 3457 5814 69
