4592 6559
958 448 993 510 5
1012 433 1087 494 16
1491 440 1871 506 REJESTRA
1920 439 2186 506 srAcYJ
2232 438 2526 490 DWORU
2572 425 2840 489 KROLA
2885 439 2914 488 1
2963 424 3401 503 KRoLowsz.
3456 443 3640 506 1417.

958 642 1025 704 II
1042 642 1105 724 ¹l,
1164 661 1365 705 marc.
1430 640 1591 704 item
1654 652 1776 723 pro
1824 639 1928 702 III
1976 637 2351 702 octualibus
2414 637 2692 702 ceruisie
2757 637 3003 701 familie
3065 638 3181 701 dni
3246 637 3472 722 Regis
3533 638 3622 702 ad
3685 638 3924 701 horam
3995 655 4168 699 cene

959 749 1071 831 Ill,
1129 768 1331 812 marc.

1173 853 1458 919 Summa
1504 855 1681 918 diete
1729 852 1986 917 XXVI
2034 873 2234 916 marc.
2283 852 2434 916 XX
2481 873 2571 916 sc.
2617 851 2652 916 Ι
2699 872 2799 937 gr.

1176 962 1371 1026 Feria
1416 961 1520 1025 III
1568 961 1769 1045 (16s3)
1818 962 1954 1024 dno
1999 959 2189 1044 Regi
2252 960 2340 1023 ad
2384 959 2777 1042 prandium:
2842 959 3004 1023 item
3049 979 3174 1042 pro
3221 958 3514 1042 piscibus
3577 959 3963 1024 recentibus
4009 979 4170 1023 cum

960 1070 1107 1134 aliis
1152 1070 1433 1154 propriis
1475 1069 1581 1133 III
1594 1069 1657 1151 ΙΙ,
1716 1088 1920 1132 marc.
1965 1068 2127 1132 item
2174 1087 2297 1150 pro
2346 1069 2497 1131 oleo
2542 1066 2689 1131 XV
2702 1066 2766 1149 ll,
2823 1087 2914 1130 sc.
2961 1066 3121 1130 item
3167 1087 3292 1151 pro
3327 1065 3396 1129 V
3442 1067 3820 1132 octualibus
3865 1066 4168 1140 ceruisie,

964 1178 1312 1261 quodlibet
1357 1197 1480 1260 per
1524 1176 1669 1240 XII
1715 1197 1807 1242 se.
1853 1175 1999 1258 H²l2
2058 1195 2263 1239 marc.

1175 1287 1348 1348 Item
1398 1285 1637 1348 eodem
1686 1284 1793 1348 die
1842 1284 2067 1347 omnia
2111 1282 2348 1366 dyaria
2382 1283 2568 1345 solus
2613 1283 2789 1347 dnus
2825 1283 3242 1347 marschalco
3278 1281 3633 1348 distribuit.
3679 1281 3969 1364 receptis
4013 1301 4172 1364 pec-

966 1393 1177 1457 cuniis
1220 1393 1306 1456 de
1350 1394 1670 1456 thezauro
1717 1392 1832 1455 dni
1878 1392 2135 1476 Regis3
2180 1392 2340 1454 item
2388 1411 2512 1473 pro
2557 1389 2702 1453 XII
2746 1391 2946 1472 pullis
3008 1410 3209 1473 super
3274 1389 3574 1454 falcones
3641 1399 3711 1452 et
3766 1391 3998 1453 album
4045 1388 4172 1452 fal-

966 1521 1207 1566 conem
1253 1511 1323 1563 et
1367 1498 1721 1583 accipitros
1763 1498 1937 1561 VIII
1983 1519 2075 1562 50.
2139 1498 2298 1562 item
2347 1518 2469 1581 pro
2516 1498 2606 1559 X·
2639 1498 2992 1561 collumbis
3037 1496 3184 1579 II¹l2
3240 1518 3331 1562 sc.
3395 1498 3556 1561 item
3605 1517 3730 1579 pro
3775 1496 3845 1560 ΙΙ
3889 1497 4172 1560 octuali·

968 1611 1096 1672 bus
1142 1606 1417 1670 ceruisie
1464 1605 1711 1669 familie
1759 1607 1873 1670 dni
1918 1606 2142 1690 Regis
2188 1607 2275 1669 ad
2320 1607 2554 1668 horam
2605 1623 2770 1668 cene
2816 1604 2851 1667 Ι
2897 1624 3100 1668 marc.

1180 1713 1465 1779 Summa
1511 1713 1687 1777 diete
1736 1713 1801 1776 V
1848 1733 2050 1777 marc.
2097 1712 2278 1775 XVI
2292 1713 2357 1796 ll,
2413 1733 2504 1776 50.

1184 1821 1381 1884 Feria
1427 1820 1529 1884 IV
1578 1821 1779 1906 (17l3)
1844 1822 2017 1884 dnus
2082 1821 2247 1884 Rex
2292 1820 2567 1884 recessit
2613 1821 2680 1883 in
2729 1819 3192 1905 Przymancow
3255 1821 3342 1883 ad
3388 1821 3742 1902 prandium
3806 1831 3877 1883 et
3921 1820 4013 1883 ibi
4057 1821 4176 1883 da·

970 1932 1217 1994 bantur
1261 1929 1487 1992 omnia
1532 1929 1781 2012 dyada,
1838 1929 1959 1991 sed
2006 1948 2242 1991 omnes
2287 1927 2683 1991 thezaurarii
2727 1937 3194 1991 remanserunt
3240 1946 3396 1994 cum
3462 1928 3816 2002 thezauriS‚
3859 1928 4178 1992 omnibus

970 2037 1421 2112 venatoribus,
1470 2034 1859 2120 chrodnany
1904 2045 1973 2098 et
2017 2035 2128 2098 alii
2173 2034 2559 2109 falconiste;
2606 2034 2766 2098 item
2812 2034 3230 2099 thezaurario
3276 2036 3366 2098 ad
3411 2035 3803 2117 prandium:
3849 2035 4015 2099 item
4052 2056 4179 2118 pro

972 2144 1263 2228 piscibus
1308 2144 1409 2207 IV
1456 2164 1549 2207 50.
1595 2142 1757 2206 item
1804 2163 1928 2226 pro
1974 2143 2125 2206 oleo
2171 2142 2243 2205 ΙΙ
2289 2163 2379 2206 50.
2426 2143 2586 2205 item
2633 2163 2758 2226 pro
2815 2141 2878 2224 ΙΙ,
2939 2141 3186 2206 octuali
3231 2142 3507 2207 ceruisie
3554 2141 3658 2206 VI
3702 2161 3794 2206 sc.

1186 2251 1493 2315 Dederce
1540 2270 1695 2314 cum
1741 2249 2003 2314 falcone
2050 2251 2207 2314 albo
2254 2260 2323 2313 et
2369 2249 2516 2313 aliis
2561 2249 2926 2332 accipitris:
2991 2249 3152 2314 item
3202 2270 3325 2332 pro
3391 2249 3684 2332 piscibus
3728 2250 3833 2313 III
3879 2271 3970 2314 sc,
4016 2250 4180 2313 item

974 2381 1097 2444 pro
1142 2360 1293 2422 oleo
1339 2359 1374 2422 1
1418 2379 1507 2422 sc.
1554 2359 1715 2422 item
1762 2378 1885 2440 pro
1945 2357 2008 2438 ΙΙ,
2068 2358 2316 2421 octuali
2361 2356 2640 2422 ceruisie
2684 2356 2788 2419 VI
2833 2378 2923 2421 sc.
2991 2357 3154 2422 item
3201 2377 3324 2440 pro
3371 2356 3472 2420 VI
3519 2357 3720 2439 pullis
3767 2358 3836 2420 Π
3881 2378 3971 2421 50.
4016 2357 4179 2420 item

976 2488 1100 2550 pro
1144 2465 1248 2529 IV
1294 2465 1650 2529 collumbis
1696 2466 1730 2529 I
1775 2485 1866 2528 50.
1916 2465 2075 2529 item
2121 2485 2247 2548 pro
2291 2463 2451 2528 feno
2498 2475 2568 2528 et
2612 2484 2832 2528 auena
2877 2465 2943 2527 II
2962 2463 3024 2546 ΙΙ,
3083 2485 3173 2529 50.

1191 2572 1662 2647 Venatoribus‚
1726 2570 2182 2642 chrodnanom
2204 2597 2228 2634 .·
2292 2572 2453 2635 item
2522 2592 2646 2654 pro
2700 2571 2994 2654 piscibus
3041 2571 3142 2634 IV
3157 2571 3221 2654 ll,
3279 2593 3370 2636 sc.
3433 2572 3595 2636 item
3641 2593 3766 2658 pro
3811 2574 3964 2636 oleo
4010 2572 4044 2635 I
4089 2593 4182 2635 50.

978 2682 1138 2745 item
1186 2700 1307 2763 pro
1366 2677 1429 2760 1Α,
1488 2678 1730 2742 octuali
1777 2678 2053 2743 ceruisie
2099 2678 2201 2742 VI
2248 2699 2340 2742 sc.
2387 2679 2548 2742 item
2595 2700 2718 2762 pro
2763 2699 2928 2760 sepo
2976 2679 3254 2743 canibus
3301 2680 3368 2742 II
3383 2679 3446 2760 ΙΙ,
3503 2699 3594 2744 50.

1191 2788 1365 2850 Item
1413 2787 1651 2850 eodem
1700 2785 1808 2850 die
1856 2786 2271 2849 Dambrowa
2317 2785 2640 2849 nunccius
2686 2787 2876 2850 ducis
2937 2783 3355 2869 Sigismundi
3400 2787 3588 2850 venit
3627 2796 3772 2849 met
3816 2786 4048 2850 V111us
4097 2787 4184 2850 de

978 2893 1361 2978 Lythuania
1406 2913 1561 2956 cum
1608 2893 1968 2976 accipitris:
2015 2892 2179 2956 item
2223 2913 2348 2976 pro
2395 2893 2688 2975 piscibus
2733 2891 2836 2956 IV
2851 2893 2914 2975 ΙΙ,
2971 2913 3061 2957 50.
3109 2893 3266 2956 item
3315 2914 3438 2976 pro
3497 2893 3561 2975 ¹l,
3612 2893 3856 2958 octuali
3903 2894 4185 2958 ceruisie

980 3001 1082 3064 VI
1126 3021 1217 3065 sc.
1263 3001 1422 3063 item
1470 3019 1593 3083 pro
1640 3001 1791 3063 oleo
1838 3000 1947 3082 I¹l2
2007 3021 2098 3063 sc.
2145 3000 2303 3063 item
2350 3021 2474 3083 pro
2521 3001 2554 3063 I
2602 3021 2916 3064 mensura
2961 3021 3178 3064 auene
3224 3001 3328 3064 VI
3373 3022 3462 3065 sc.
3509 3002 3669 3065 item
3717 3021 3841 3084 pro
3885 3001 4044 3065 feno
4081 3002 4184 3064 III

980 3130 1071 3174 sc.
1117 3109 1275 3172 item
1321 3127 1445 3190 pro
1491 3108 1689 3191 pullis
1737 3119 1806 3170 et
1850 3106 2205 3171 collumbis
2250 3105 2397 3188 II¹l2
2455 3128 2544 3171 sc.
3215 3169 3222 3178 ,

1157 3235 1161 3238 ·
1202 3214 1481 3286 Familie
1528 3214 1644 3276 dni
1689 3214 2154 3278 Wolczconis:
2202 3214 2360 3278 item
2405 3231 2534 3298 'pro
2581 3215 2875 3299 piscibus
2918 3216 2951 3280 I
2965 3217 3028 3298 ΙΙ,
3085 3235 3176 3281 50.
3223 3217 3383 3280 item
3430 3238 3553 3299 pro
3601 3217 3750 3281 oleo
3797 3217 3830 3279 Ι
3877 3238 3980 3302 gr.
4025 3217 4184 3280 item

982 3343 1105 3406 pro
1150 3321 1430 3386 ceruisia
1475 3321 1507 3383 I
1522 3319 1585 3401 ¹l2
1642 3341 1733 3385 sc.

1198 3429 1595 3493 Falconistis
1639 3429 1748 3491 hic
1815 3429 2357 3493 remanentibus:
2422 3430 2582 3493 item
2631 3451 2754 3513 pro
2799 3431 3093 3513 piscibus
3137 3430 3243 3494 IV
3289 3451 3379 3495 50.
3443 3431 3605 3496 item
3650 3451 3776 3514 pro
3823 3434 3975 3496 oleo
4019 3433 4052 3495 Ι
4095 3453 4184 3496 50.

983 3538 1141 3602 item
1188 3557 1312 3620 pro
1370 3536 1434 3618 1Ι,
1493 3535 1737 3599 octuali
1783 3536 2059 3599 ceruisie
2102 3535 2207 3599 VI
2252 3558 2343 3601 sc.

1196 3643 1690 3727 Tympanistis:
1736 3643 1895 3706 item
1942 3663 2066 3726 pro
2111 3643 2405 3726 piscibus
2440 3644 2475 3707 I
2489 3644 2553 3727 ΙΙ,
2601 3665 2692 3709 50.
2735 3645 2896 3708 item
2963 3665 3087 3728 pro
3150 3647 3301 3710 oleo
3364 3647 3398 3710 Ι
3437 3667 3536 3730 gr.
3598 3647 3762 3710 item
3809 3668 3934 3729 pro
3979 3647 4182 3711 cerui—

985 3752 1085 3817 sia
1130 3752 1198 3815 II
1244 3771 1334 3814 sc.

1130 3893 1135 3898 ·
1200 3857 1486 3930 Summa
1530 3857 1726 3921 huius
1773 3857 1949 3920 diete
1998 3856 2067 3920 in
2112 3857 2314 3921 Noua
2360 3857 2633 3922 ciuitate
2679 3859 2782 3922 III
2831 3878 3032 3923 marc.
3078 3859 3110 3922 I
3159 3880 3250 3923 se.

1201 3965 1403 4028 Feria
1447 3964 1549 4027 IV
1598 3963 1800 4048 (17s3)
1848 3964 1915 4027 in
1960 3964 2454 4049 Przymancow,
2521 3967 2657 4029 dno
2705 3965 2893 4050 Regi
2938 3967 3026 4029 ad
3071 3967 3461 4048 prandium:
3526 3968 3686 4032 item
3731 3989 3856 4050 pro
3900 3969 4188 4051 piscibus

988 4073 1368 4138 recentibus
1414 4071 1518 4135 III
1562 4092 1764 4136 marc.
1811 4071 1915 4135 IV
1960 4092 2050 4136 50.
2114 4071 2275 4135 item
2322 4092 2445 4155 pro
2510 4073 2662 4137 oleo
2721 4073 2901 4136 XIII
2947 4094 3048 4138 sc.·
3102 4074 3262 4138 item
3309 4096 3433 4157 pro
3479 4075 3582 4138 IV
3629 4076 4007 4140 octualibus
4051 4096 4188 4140 cer-

990 4181 1156 4252 uisie
1200 4180 1269 4244 H
1316 4197 1516 4244 marc.

1202 4287 1361 4350 Dno
1406 4286 1920 4351 marschalconi:
1985 4286 2147 4350 item
2192 4307 2316 4371 pro
2373 4287 2666 4371 piscibus
2713 4287 2813 4352 VI
2859 4309 2949 4354 50.
3011 4289 3174 4352 item
3197 4309 3200 4312 ’
3221 4309 3344 4373 pro
3390 4290 3542 4353 oleo
3589 4290 3657 4353 II
3703 4311 3794 4354 sc.
3858 4291 4022 4354 item
4069 4313 4191 4374 pro

991 4395 1238 4460 octuali
1284 4393 1561 4458 ceruisie
1608 4393 1754 4456 XII
1799 4414 1888 4464 sc.

1204 4502 1381 4565 Duci
1427 4500 1897 4585 Sigismundo:
1962 4501 2125 4566 item
2188 4523 2314 4585 pro
2360 4503 2652 4585 piscibus
2698 4502 2799 4566 VI
2845 4523 2936 4567 se.
3000 4503 3161 4567 item
3229 4525 3354 4586 pro
3399 4505 3552 4568 oleo
3600 4463 3692 4567 ΙΙ·
3713 4526 3803 4569 50.
3867 4504 4027 4568 item
4074 4526 4196 4588 pro

992 4609 1238 4674 octuali
1282 4608 1563 4672 ceruisie
1609 4609 1755 4678 XII
1800 4629 1891 4673 sc.

1207 4715 1384 4780 Duci
1416 4713 1919 4782 ³Szerniskonix·
1952 4716 2112 4780 item
2178 4737 2302 4800 pro
2349 4717 2644 4800 piscibus
2690 4718 2792 4780 VI
2837 4739 2930 4782 50.
2991 4719 3152 4782 item
3211 4739 3332 4801 pro
3396 4720 3550 4782 oleo
3597 4719 3664 4782 ΙΙ
3713 4741 3804 4784 50.
3867 4721 4028 4784 item
4075 4740 4198 4802 pro

996 4824 1241 4888 octuali
1289 4823 1565 4887 ceruisie
1612 4823 1757 4887 XII
1800 4838 1893 4888 se.

1066 4985 1071 4990 .
1207 4931 1385 4995 Duci
1430 4931 1749 4995 Bolconi:
1796 4931 1955 5002 item
2000 4951 2125 5014 pro
2170 4931 2465 5014 piscibus
2504 4931 2603 4994 VI
2639 4953 2729 4996 sc.
2779 4932 2938 5004 item
2986 4953 3110 5016 pro
3145 4933 3298 4996 oleo
3335 4933 3403 4996 II
3440 4955 3531 4996 sc.
3577 4934 3736 4997 item
3783 4955 3907 5018 pro
3954 4935 4198 4998 octuali

998 5038 1276 5103 ceruisie
1322 5038 1468 5102 XII
1513 5059 1603 5103 50.

1210 5145 1389 5209 Duci
1433 5144 1710 5210 Miclasz
1760 5145 2141 5228 Opawsky:
2207 5146 2368 5210 item
2413 5167 2539 5230 pro
2584 5147 2880 5230 piscibus
2926 5146 3030 5211 VI
3075 5169 3165 5212 50.
3212 5147 3370 5211 item
3418 5168 3542 5231 pro
3589 5149 3742 5212 oleo
3787 5149 3854 5212 II
3899 5170 3994 5214 50.
4037 5149 4196 5213 item

1000 5273 1119 5335 pro
1165 5252 1412 5326 octuali
1455 5252 1733 5317 ceruisie
1779 5253 1925 5318 XII
1970 5273 2065 5316 sc.
2803 5275 2806 5280 ·

1044 5383 1047 5396 ·
1214 5358 1456 5424 Comiti
1500 5361 1588 5423 de
1634 5360 1968 5436 Holonia:
2014 5359 2175 5424 item
2222 5381 2346 5443 pro
2393 5361 2687 5444 piscibus
2733 5361 2834 5425 VI
2881 5382 2973 5426 sc.
3030 5361 3190 5425 item
3239 5382 3362 5445 pro
3407 5364 3558 5426 oleo
3603 5363 3672 5427 H
3717 5383 3810 5428 sc.
3875 5364 4036 5428 item
4081 5384 4202 5448 pro

1000 5467 1250 5532 octuali
1295 5466 1569 5531 ceruisie
1616 5467 1763 5530 XII
1808 5489 1898 5532 sc.
