4592 6559
1029 495 1154 555 290
1549 489 1928 554 REJESTRA
1975 488 2237 555 STACYJ
2285 489 2577 538 Dwoms
2620 476 2890 540 KROLA
2935 491 2963 539 1
3012 477 3452 556 KROLOWEJ.
3508 497 3690 556 1404.

1079 777 1084 782 ἡ
1235 689 1518 754 Summa
1564 692 2014 772 expensarum
2061 689 2425 754 falconistis
2472 700 2540 752 et
2586 690 2783 754 castri
2830 699 2897 753 et
2934 690 3241 772 exposita
3279 693 3366 754 ad
3404 693 3797 754 mandatum
3843 691 3957 754 dni
3995 690 4218 775 Regis

1022 795 1182 860 LIV
1229 809 1390 861 mar.
1429 797 1694 861 XXIII
1739 797 1908 860 scoti
1954 797 2066 878 ΙΙ]2
2125 819 2225 882 gr.

2424 1043 2831 1178 (1404).

1021 1221 1336 1308 Sequitur
1381 1224 1590 1287 stacio
1637 1223 1753 1287 dni
1799 1225 2024 1309 Regis
2070 1245 2224 1288 cum
2272 1226 2409 1287 dna
2454 1220 2751 1308 Regina,
2798 1227 3071 1308 quando
3116 1235 3450 1289 venerunt
3514 1226 3603 1288 ad
3664 1225 3931 1288 Nouam
3991 1213 4216 1287 ciuita-

1018 1341 1154 1393 tem
1221 1332 1329 1394 die
1393 1332 1676 1394 sabbato
1739 1331 2052 1413 proximo
2127 1343 2280 1395 ante
2346 1332 2747 1395 dominicam
2813 1332 3164 1396 Inuocauit
3227 1333 3429 1416 (16s2)
3503 1334 3630 1396 sub
3704 1352 3882 1394 anno
3945 1331 4217 1394 Domini

2386 1437 2841 1503 MCCCC1V0.

1233 1546 1351 1610 Ad
1396 1546 1746 1629 prandium
1797 1548 1934 1609 dno
1980 1547 2200 1629 Regi:
2248 1547 2409 1610 item
2457 1567 2581 1630 pro
2626 1547 2921 1630 piscibus
2966 1547 3347 1611 recentibus
3394 1547 3427 1610 Ι
3475 1567 3637 1611 mar.
3688 1546 3863 1611 XVI
3910 1567 4003 1610 sc.
4055 1547 4213 1608 item

1017 1673 1139 1735 pro
1187 1655 1337 1716 oleo
1383 1652 1510 1716 VI
1532 1652 1718 1725 scoti,
1763 1653 1921 1715 item
1970 1652 2248 1717 ceruisie
2294 1653 2363 1714 V
2412 1655 2701 1718 octualia
2746 1653 3027 1736 propria.

1231 1761 1403 1823 Item
1451 1762 1537 1823 ad
1582 1761 1936 1843 prandium
1986 1761 2118 1822 dne
2165 1761 2478 1845 Regiae:
2526 1761 2685 1824 item
2732 1782 2856 1844 pro
2902 1761 3195 1843 piscibus
3233 1761 3613 1824 recentibus
3648 1761 3684 1823 I
3720 1781 3879 1824 mar.
3919 1760 4099 1824 XIII
4124 1781 4215 1825 se.

1017 1869 1177 1931 item
1223 1889 1344 1951 pro
1392 1869 1542 1931 oleo
1591 1868 1692 1931 IV
1738 1889 1827 1933 sc.
1875 1869 2034 1930 item
2083 1868 2364 1931 ceruisie
2412 1868 2479 1930 II
2527 1869 2819 1933 octualia
2864 1869 3149 1952 propria.

1229 1975 1400 2038 Item
1448 1976 1602 2039 duci
1651 1976 1968 2039 Bolconi:
2015 1977 2177 2038 item
2225 1997 2348 2057 pro
2393 1975 2686 2059 piscibus
2734 1977 3118 2040 recentibus
3166 1975 3267 2038 VI
3312 1976 3499 2050 scoti,
3563 1977 3723 2039 item
3780 1997 3904 2058 pro
3950 1979 4101 2040 oleo
4147 1976 4214 2039 II

1014 2082 1199 2157 scoti,
1245 2083 1404 2146 item
1452 2104 1575 2166 pro
1623 2083 1654 2146 I
1702 2085 1950 2147 octuali
1997 2083 2275 2147 ceruisie
2324 2083 2428 2147 VI
2471 2085 2657 2148 scoti.

1229 2191 1400 2253 Item
1450 2192 1602 2254 duci
1648 2190 2055 2255 Semisconi:
2104 2191 2264 2254 item
2313 2211 2435 2274 pro
2482 2193 2774 2274 piscibus
2822 2192 3205 2256 recentibus
3251 2191 3354 2255 VI
3398 2192 3585 2266 scoti,
3647 2192 3807 2255 item
3874 2211 3999 2274 pro
4062 2193 4213 2255 oleo

1014 2297 1084 2359 II
1127 2299 1313 2371 scoti,
1361 2298 1520 2361 item
1567 2319 1690 2380 pro
1737 2298 1790 2361 I
1817 2299 2065 2362 octuali
2112 2299 2391 2362 ceruisie
2437 2298 2540 2362 VI
2586 2301 2855 2364 scoti..

1227 2405 1398 2468 Item
1447 2406 1882 2468 marsalconi.
1930 2406 2089 2470 item
2139 2427 2261 2488 pro
2306 2406 2603 2490 piscibus
2648 2407 3031 2470 recentibus
3068 2406 3170 2469 IV
3199 2407 3383 2481 scoti,
3431 2407 3592 2470 item
3641 2427 3761 2490 pro
3799 2407 3951 2469 oleo
3990 2407 4021 2469 I
4050 2417 4215 2470 scot.

1013 2513 1170 2575 item
1219 2533 1343 2594 pro
1388 2513 1636 2576 octuali
1683 2513 1962 2577 ceruisie
2009 2513 2110 2575 VI
2157 2515 2343 2577 scoti.

1227 2620 1398 2683 Item
1447 2621 1584 2682 dno
1631 2619 2211 2685 vicecancellario:
2260 2621 2421 2685 item
2468 2643 2590 2704 pro
2637 2622 2929 2704 piscibus
2967 2622 3349 2685 recentibus
3377 2621 3444 2682 V
3474 2621 3657 2695 scoti,
3704 2623 3863 2684 item
3900 2641 4025 2704 pro
4062 2623 4213 2685 oleo

1013 2727 1044 2788 I
1092 2737 1253 2790 scot.
1300 2727 1456 2790 item
1507 2748 1632 2810 pro
1679 2728 1710 2790 I
1759 2728 2004 2792 octuali
2053 2727 2329 2792 ceruisie
2377 2727 2477 2790 VI
2525 2729 2713 2793 scoti.
2774 2731 2777 2734 ’

1226 2835 1394 2896 Item
1443 2835 1816 2916 hospitibus
1863 2836 1949 2898 de
1998 2835 2325 2899 Bohemia
2371 2837 2549 2898 dicto
2596 2836 2929 2920 Procopio
2977 2856 3129 2900 cum
3180 2837 3570 2918 Nesporek:
3636 2837 3795 2899 item
3853 2857 3977 2918 pro
4021 2837 4213 2919 pisci-

999 2943 1154 3012 bus
1183 2943 1564 3005 recentibus
1609 2942 1781 3004 VIII
1837 2943 2032 3018 scoti,
2095 2943 2256 3006 item
2322 2963 2443 3025 pro
2507 2944 2659 3006 oleo
2723 2943 2790 3005 II
2856 2944 3049 3017 scoti,
3116 2945 3273 3006 item
3338 2963 3461 3026 pro
3527 2944 3806 3008 ceruisie
3870 2944 3903 3006 Ι
3967 2945 4215 3007 octuali

1011 3049 1113 3112 VI
1159 3050 1341 3114 scoti.

1225 3158 1394 3221 Item
1446 3158 1783 3222 Ruthenis
1830 3176 1982 3220 cum
2029 3156 2410 3220 falconariis
2456 3177 2659 3241 super
2722 3158 2930 3221 diaria
2994 3159 3289 3241 ipsorum
3355 3170 3423 3223 et
3477 3159 3620 3222 aliis
3677 3159 3983 3222 Polonis:
4050 3159 4209 3222 item

1011 3286 1132 3347 pro
1177 3265 1472 3347 piscibus
1518 3265 1898 3328 recentibus
1945 3265 1976 3326 I
2025 3285 2186 3328 mar.
2233 3263 2413 3326 XVI
2460 3266 2645 3338 scoti,
2708 3265 2867 3328 item
2933 3287 3055 3347 pro
3120 3267 3271 3329 oleo
3336 3266 3447 3329 IX
3509 3266 3693 3341 scoti,
3758 3267 3918 3330 item
3972 3287 4096 3348 pro
4144 3265 4213 3328 V

1012 3369 1382 3436 octuelibus
1447 3372 1742 3446 ceruisie,
1805 3374 2155 3456 quodlibet
2214 3375 2479 3436 octuale
2543 3394 2665 3456 per
2711 3373 2811 3437 VI
2857 3384 3084 3438 scotos
3128 3375 3528 3456 recipiend0‚
3576 3374 3608 3436 I
3656 3394 3823 3438 mar.
3862 3374 3965 3437 VI
4012 3375 4199 3438 scoti.

1225 3479 1508 3543 Summa
1554 3481 1729 3543 diete
1777 3481 1888 3543 IX
1933 3501 2094 3544 mar.
2144 3480 2359 3544 XVII
2406 3482 2589 3545 scoti.

1073 3567 1091 3581 ⁸
1151 3586 1578 3666 „Dominica
1625 3587 1978 3651 Invocauit
2023 3609 2131 3650 me
2180 3589 2419 3670 (17s2):

1222 3694 1396 3757 Item
1443 3696 1579 3758 dno
1628 3695 1812 3779 Regi
1861 3697 1948 3758 ad
1993 3695 2376 3777 prandium:
2424 3697 2581 3760 item
2632 3717 2753 3777 pro
2799 3697 3093 3778 piscibus
3141 3699 3523 3762 recentibus
3572 3698 3639 3760 II
3678 3718 3839 3760 mar.
3878 3697 3980 3761 IV
4020 3698 4202 3771 scoti,

1007 3802 1168 3862 item
1215 3822 1338 3882 pro
1385 3802 1536 3864 oleo
1585 3802 1684 3865 VI
1731 3803 1915 3876 scoti,
1962 3803 2119 3865 item
2171 3803 2236 3863 V
2284 3805 2571 3868 octualia
2616 3804 2897 3868 ceruisie
2940 3805 3225 3887 propria.
3314 3847 3329 3859 ψ

1223 3908 1394 3972 Item
1441 3910 1573 3972 dne
1623 3910 1896 3994 Regine
1943 3913 2032 3974 ad
2077 3911 2467 3992 prandium:
2532 3913 2693 3974 item
2762 3932 2884 3993 pro
2949 3912 3241 3994 piscibus
3304 3914 3685 3976 recentibus
3742 3913 3773 3976 I
3821 3933 3983 3976 mar.
4029 3911 4204 3975 XIII

1009 4009 1194 4088 scoti,
1240 4013 1398 4078 item
1445 4037 1566 4099 pro
1613 4018 1764 4092 oleo
1810 4017 1912 4081 VI
1959 4018 2146 4092 scoti,
2193 4017 2351 4081 item
2400 4019 2677 4082 ceruisie
2723 4019 2791 4083 II
2839 4021 3129 4083 octualia
3174 4022 3459 4104 propria.

1225 4123 1396 4208 Item
1446 4124 1599 4186 duci
1645 4125 1960 4189 Bolconi:
2025 4126 2185 4188 item
2232 4147 2358 4208 pro
2404 4127 2697 4208 piscibus
2742 4127 3125 4191 recentibus
3172 4128 3273 4191 VI
3321 4129 3504 4202 scoti,
3562 4129 3728 4192 item
3796 4149 3919 4210 pro
3974 4129 4129 4192 oleo
4173 4127 4204 4190 I

1011 4243 1172 4293 scot.
1220 4231 1379 4293 item
1426 4252 1550 4313 pro
1597 4232 1629 4294 I
1677 4233 1922 4296 octuali
1967 4233 2246 4296 ceruisie
2294 4233 2396 4296 VI
2442 4235 2627 4298 scoti.

1227 4339 1397 4401 Item
1446 4337 1600 4402 duci
1647 4338 2053 4403 Semisconi:
2105 4341 2263 4404 item
2314 4361 2434 4424 pro
2479 4341 2772 4424 piscibus
2818 4343 3198 4406 recentibus
3246 4342 3347 4405 VI
3394 4344 3577 4414 scoti,
3643 4345 3801 4406 item
3870 4364 3989 4426 pro
4054 4345 4200 4406 oleo

1013 4445 1079 4508 II
1127 4456 1286 4509 scot.
1333 4446 1492 4508 item
1538 4467 1664 4529 pro
1711 4447 1742 4509 I
1791 4448 2033 4510 octuali
2081 4449 2360 4512 ceruisie
2408 4447 2508 4511 VI
2554 4449 2738 4511 scoti.
3608 4459 3613 4467 '

1099 4546 1106 4554 ’
1149 4547 1153 4553 ’
1227 4555 1400 4617 Item
1449 4554 1904 4617 marsalconiz‘
1931 4554 2090 4617 item
2138 4577 2261 4637 pro
2308 4557 2621 4638 piscibus
2646 4557 3021 4620 recentibus
3070 4557 3133 4617 V
3180 4558 3365 4630 scoti,
3412 4558 3569 4620 item
3616 4579 3739 4640 pro
3777 4559 3929 4622 oleo
3976 4558 4009 4621 I
4046 4567 4203 4621 scot.

1013 4662 1170 4724 item
1221 4681 1344 4742 pro
1390 4661 1422 4723 I
1472 4661 1714 4723 octuali
1761 4661 2038 4724 ceruisie
2085 4662 2188 4724 VI
2235 4664 2421 4726 scoti.

1227 4768 1399 4832 Item
1445 4767 1820 4851 hospitibus
1867 4770 1952 4832 de
1999 4769 2361 4833 Bohemia:
2410 4770 2567 4833 item
2618 4791 2739 4852 pro
2784 4772 3075 4853 piscibus
3114 4774 3491 4836 recentibus
3525 4773 3623 4835 VI
3660 4775 3847 4846 scoti,
3884 4773 4045 4836 item
4084 4793 4202 4855 pro

1013 4867 1164 4938 o'leo
1213 4876 1243 4938 Ι
1291 4886 1452 4938 scot.
1501 4875 1658 4939 item
1707 4896 1831 4957 pro
1878 4876 1911 4939 I
1959 4877 2203 4940 octuali
2249 4877 2531 4940 ceruisie
2580 4877 2679 4939 VI
2726 4879 2910 4942 scoti.

1228 4984 1399 5046 Item
1448 4983 1530 5046 N.
1578 4982 2162 5046 vicecancellario:
2210 4984 2371 5047 item
2418 5005 2541 5067 pro
2580 4986 2871 5066 piscibus
2910 4986 3289 5050 recentibus
3328 4987 3429 5050 VI
3467 4988 3650 5062 scoti,
3696 4988 3857 5050 item
3894 5008 4018 5070 pro
4055 4991 4204 5050 oleo

1015 5089 1081 5152 II
1130 5092 1312 5164 scoti,
1361 5092 1518 5154 item
1537 5121 1546 5135 r
1566 5111 1688 5174 pro
1736 5091 1767 5152 I
1817 5091 2063 5154 octuali
2109 5091 2387 5155 ceruisie
2434 5091 2535 5154 VI
2582 5093 2768 5156 scoti.

1228 5198 1400 5261 Item
1449 5198 1792 5262 Rut‘nenis
1839 5218 1990 5261 cum
2040 5197 2416 5262 falconariis
2460 5219 2662 5281 super
2708 5199 2915 5262 diaria
2959 5200 3291 5283 ipsorum:
3357 5203 3517 5264 item
3582 5221 3705 5285 pro
3769 5203 4061 5286 piscibus
4108 5223 4205 5266 re·

1015 5304 1318 5368 centibus
1366 5306 1398 5368 I
1445 5326 1604 5369 mar.
1651 5305 1831 5369 XIII
1879 5305 2063 5380 scoti,
2128 5306 2286 5369 item
2337 5326 2459 5387 pro
2505 5307 2655 5368 oleo
2703 5307 2837 5369 VII
2884 5309 3067 5383 scoti,
3134 5309 3292 5372 item
3351 5331 3474 5392 pro
3520 5310 3588 5371 V
3634 5311 4011 5374 octualibus
4067 5330 4205 5375 cer-

1016 5412 1197 5486 uisie‚
1237 5409 1592 5495 quodlibet
1639 5415 1903 5476 octuale
1950 5434 2069 5496 per
2105 5413 2206 5475 VI
2253 5409 2417 5476 sdot.
2464 5413 2622 5476 facit
2650 5414 2763 5476 ·V1
2810 5425 2973 5478 scot.
3023 5419 3075 5497 (5
3078 5419 3113 5497 ).

1229 5520 1398 5582 Item
1447 5520 1583 5582 dno
1623 5520 1808 5604 Regi
1854 5523 1940 5584 ad
1988 5541 2257 5583 cenam:
2307 5521 2463 5583 item
2510 5542 2631 5602 pro
2679 5523 2970 5604 piscibus
3015 5527 3393 5589 recentibus
3442 5525 3619 5589 XVI
3658 5525 3843 5599 scoti,
3890 5525 4044 5590 item
4085 5547 4206 5608 pro

1016 5629 1166 5692 oleo
1212 5626 1278 5689 V
1324 5627 1507 5702 scoti,
1553 5626 1710 5691 item
1761 5627 2035 5690 ceruisie
2083 5627 2182 5689 IV
2230 5629 2519 5692 octualia
2563 5631 2849 5713 propria.
