4592 6559
979 521 1102 582 292
1476 515 1853 580 REJESTRA
1902 513 2166 580 STAcYJ
2213 515 2507 565 nwonu
2554 501 2823 564 KRoLA
2870 515 2897 562 1
2946 501 3382 578 KROLOWEJ.
3440 521 3622 579 1404.

1186 716 1357 778 Item
1405 713 1806 778 falconistis:
1852 715 2012 779 item
2059 735 2184 797 pro
2229 714 2525 797 piscibus
2571 715 2952 778 recentibus
2989 714 3091 777 VI
3128 713 3311 788 scoti,
3358 713 3519 778 item
3558 733 3683 796 pro
3710 713 3861 777 oleo
3890 713 3959 777 Π
3987 713 4177 788 scoti,

975 822 1133 886 item
1183 842 1306 904 pro
1354 823 1387 884 I
1433 823 1682 885 octuali
1727 822 2006 885 ceruisie
2052 821 2154 885 VI
2200 821 2386 884 scoti.

1190 929 1360 992 Item
1411 929 1553 992 aliis
1601 928 1942 992 Ruthenis
1989 948 2195 1010 super
2239 929 2449 991 diaria
2492 929 2827 1011 ipsorum:
2884 928 3043 991 item
3092 949 3213 1010 pro
3260 927 3554 1010 piscibus
3599 927 3981 991 recentibus
4026 927 4179 990 XX

974 1036 1158 1110 scoti,
1203 1035 1364 1098 item
1410 1055 1532 1118 pro
1579 1037 1731 1098 oleo
1779 1035 1811 1098 I
1827 1035 1889 1116 ΙΙ,
1949 1056 2047 1120 gr.
2093 1036 2252 1098 item
2302 1055 2426 1118 pro
2472 1035 2575 1099 III
2622 1036 2999 1098 octualibus
3036 1035 3333 1109 ceruisie,
3371 1034 3720 1118 quodlibet
3756 1035 4021 1098 octuale
4058 1054 4182 1117 per

976 1142 1080 1206 VI
1125 1154 1288 1207 scot.
1335 1142 1586 1206 XVIII
1632 1143 1818 1206 scoti.
3386 1159 3403 1172 ·

1193 1249 1364 1313 Item
1415 1253 1655 1314 eodem
1702 1251 1809 1314 die
1855 1251 2030 1314 dnus
2075 1249 2242 1313 Rex
2288 1251 2352 1313 in
2404 1248 2851 1312 Przz'mancow
2896 1250 2983 1312 ad
3031 1259 3299 1313 noctem
3348 1249 3637 1314 recessit.

1195 1356 1478 1422 Summa
1525 1359 1703 1421 diete
1749 1357 1888 1421 VII
1937 1378 2098 1421 mar.
2147 1358 2371 1420 XXII
2416 1357 2584 1421 scoti
2630 1357 2741 1438 I¹l2
2800 1378 2897 1441 gr.

1193 1572 1363 1635 Item
1411 1572 1592 1635 istud
1639 1583 1742 1634 est
1787 1572 2162 1656 registrum,
2210 1573 2276 1635 in
2325 1593 2461 1655 quo
2508 1572 2887 1636 continetur
2930 1569 3140 1634 stacio
3195 1571 3311 1634 dni
3358 1571 3593 1655 Regis
3661 1573 3934 1653 quando
3988 1591 4185 1634 vene-

981 1689 1138 1742 runt
1184 1681 1270 1743 ad
1317 1679 1587 1742 Nouam
1636 1679 1974 1742 ciuitatem
2041 1680 2148 1742 die
2215 1679 2550 1743 dominico
2616 1679 2928 1760 proximo
2994 1689 3153 1742 ante
3218 1677 3461 1742 festum
3526 1699 3577 1742 s.
3626 1678 3862 1760 Jacobi
3910 1679 4185 1762 gloriosi

982 1786 1268 1869 apostoli
1315 1785 1536 1870 (20l7)‚
1585 1795 1915 1848 venerunt
1961 1788 2048 1851 ad
2096 1806 2335 1849 cenam
2383 1789 2559 1850 dnus
2605 1786 2770 1850 Rex
2809 1806 2945 1849 vna
2981 1805 3135 1849 cum
3174 1787 3311 1849 dna
3348 1786 3626 1871 Regina
3662 1788 3789 1849 sub
3822 1806 4007 1850 anno
4046 1786 4185 1850 Do-

983 1893 1143 1957 mini
1188 1891 1614 1958 MCCCCIV.

1197 2002 1369 2065 Item
1418 2002 1555 2064 dno
1604 2001 1791 2085 Regi
1838 2003 1922 2064 ad
1972 2021 2245 2065 cenam:
2292 2001 2453 2064 item
2502 2021 2624 2083 pro
2669 2021 2915 2084 pecore
2962 2001 3219 2064 XXIII
3256 2001 3441 2076 scoti,
3486 2001 3650 2065 item
3679 2002 3815 2065 LX
3842 2004 4003 2085 pulli
4033 2024 4185 2085 pro·

982 2108 1124 2192 prii,
1170 2109 1333 2172 item
1379 2129 1502 2192 pro
1549 2107 1618 2171 II
1664 2108 1922 2191 sugillis
1968 2108 2072 2171 111
2118 2127 2217 2192 gr.
2263 2107 2425 2171 item
2474 2108 2539 2171 II
2589 2129 2927 2191 cappones
2974 2109 3238 2191 proprii,
3284 2109 3443 2173 item
3490 2129 3613 2192 pro
3660 2110 3975 2174 arietibus
4022 2112 4185 2174 duo-

983 2218 1111 2280 bus
1157 2215 1294 2279 VH
1341 2215 1526 2290 scoti‚
1571 2216 1731 2278 item
1779 2236 1902 2298 pro
1949 2215 2052 2278 IV
2097 2216 2282 2278 aucis
2328 2215 2395 2278 II
2442 2216 2625 2288 scoti,
2671 2217 2829 2278 item
2879 2237 2999 2298 pro
3046 2216 3115 2279 11
3158 2216 3385 2298 pernis
3431 2216 3767 2280 lardinum
3816 2218 3961 2281 XII
4000 2219 4188 2291 scoti,

985 2322 1144 2387 item
1191 2343 1313 2406 pro
1358 2324 1532 2386 lacte
1579 2333 1646 2386 et
1693 2337 1920 2387 crema
1965 2323 2068 2384 III
2113 2324 2300 2396 scoti,
2348 2323 2505 2387 item
2554 2324 2585 2386 Ι
2634 2334 2905 2387 centum
2954 2344 3258 2386 oworum
3304 2324 3745 2406 propriorum,
3808 2324 3970 2388 item
4038 2325 4189 2388 XX

987 2429 1166 2494 casei
1211 2430 1478 2512 proprii,
1539 2430 1700 2493 item
1766 2431 1958 2513 panis
2023 2430 2217 2493 albus
2281 2440 2352 2493 et
2415 2429 2757 2514 siligineus
2824 2431 3154 2513 proprius,
3216 2431 3376 2494 item
3441 2432 3721 2494 ceruisie
3779 2431 3843 2494 V
3900 2434 4191 2497 octualia

986 2537 1271 2620 propria..

1206 2644 1379 2708 Item
1426 2646 1558 2709 dne
1607 2645 1885 2729 Regine
1931 2647 2020 2708 ad
2066 2665 2340 2709 cenam:
2396 2646 2555 2708 item
2603 2646 2739 2707 duo
2785 2645 3114 2728 quartalia
3161 2646 3461 2709 carnium
3508 2647 3965 2730 propriorum;
4029 2649 4190 2712 item

991 2751 1127 2814 XL
1171 2750 1335 2834 pulli
1383 2752 1664 2834 proprii;
1710 2753 1872 2815 item
1919 2773 2041 2835 pro
2088 2753 2296 2815 ariete
2343 2752 2447 2815 III
2492 2753 2679 2824 scoti,
2724 2752 2887 2815 item
2934 2772 3058 2834 pro
3106 2752 3173 2814 II
3221 2754 3404 2816 aucis
3450 2753 3483 2816 I
3529 2765 3692 2817 scot.
3748 2753 3907 2817 item
3956 2776 4079 2837 pro
4124 2756 4193 2820 Π

991 2858 1252 2942 sugillis
1297 2858 1403 2922 III
1451 2880 1552 2944 gr.
1598 2859 1758 2922 item
1804 2880 1930 2942 pro
1976 2861 2150 2922 lacte
2217 2870 2285 2922 et
2332 2878 2559 2922 crema
2604 2858 2705 2922 IV
2753 2859 2938 2932 scoti,
3002 2861 3163 2922 item
3229 2881 3355 2943 pro
3419 2861 3578 2942 piris
3642 2871 3711 2924 et
3774 2863 4027 2926 cerusis
4090 2863 4193 2926 ΙΙΙ

999 2965 1188 3040 scoti,
1249 2966 1411 3030 item
1457 2985 1582 3050 pro
1628 2986 1838 3049 perna
1899 2966 2172 3030 lardinis
2216 2965 2321 3028 VI
2367 2967 2551 3039 scoti,
2616 2965 2775 3030 item
2840 2967 3033 3048 panis
3094 2968 3290 3030 albus
3354 2979 3421 3030 et
3483 2968 3807 3053 siligneus
3872 2971 4197 3053 propriuS,

999 3073 1160 3136 item
1209 3074 1487 3136 ceruisie
1533 3074 1602 3137 Π
1649 3075 1936 3138 octualia
1980 3073 2263 3157 propria.

1219 3177 1388 3244 Item
1438 3181 1870 3245 marsalconi:
1917 3183 2076 3246 item
2125 3182 2158 3245 I
2205 3184 2509 3264 quartale
2557 3182 2857 3246 carnium
2905 3182 3266 3265 proprium,
3304 3183 3463 3246 item
3494 3205 3617 3266 pro
3647 3185 3851 3248 ariete
3879 3185 3981 3249 III
4009 3189 4195 3264 scoti,

1005 3287 1164 3352 item
1213 3289 1358 3353 XII
1405 3289 1568 3371 pulli
1613 3289 1877 3372 proprii,
1923 3291 2083 3353 item
2130 3309 2252 3372 pro
2302 3290 2335 3353 Ι
2382 3290 2628 3353 octuali
2674 3289 2952 3354 ceruisie
2999 3288 3101 3352 VI
3146 3289 3333 3354 scoti.

1220 3397 1392 3460 Item
1440 3397 1576 3460 dno
1621 3397 1707 3461 N.
1751 3397 2330 3461 vicecancellario:
2394 3398 2553 3460 item
2601 3397 2632 3460 Ι
2678 3398 2983 3480 quartale
3048 3397 3348 3460 carnium
3412 3399 3773 3480 proprium,
3836 3400 3995 3463 item
4052 3403 4197 3465 XII

1008 3506 1171 3589 pulli
1213 3505 1476 3587 proprii,
1522 3504 1681 3567 item
1727 3524 1850 3586 pro
1897 3505 1930 3566 Ι
1977 3505 2222 3568 octuali
2269 3505 2549 3568 ceruisie
2595 3504 2698 3567 VI
2744 3504 2932 3567 scoti.

1206 3612 1378 3675 Item
1427 3609 1766 3675 Ruthenis
1811 3632 2013 3695 super
2059 3613 2268 3674 diaria
2312 3613 2609 3694 ipsorum
2658 3631 2811 3674 cum
2861 3613 3099 3676 ceteris
3145 3613 3453 3677 Polonis:
3508 3613 3671 3676 item
3716 3613 3752 3676 I
3796 3635 4003 3697 pecus
4048 3637 4197 3698 pro-

991 3721 1232 3804 prium,
1277 3719 1436 3783 item
1483 3719 1620 3782 XL
1666 3720 1831 3802 pulli
1878 3719 2141 3802 proprii,
2189 3719 2350 3782 item
2399 3719 2467 3782 II
2515 3720 2757 3782 arietes
2802 3719 3069 3801 proprii,
3134 3720 3295 3783 item
3342 3741 3466 3803 pro
3514 3720 3581 3783 H
3628 3722 4005 3786 octualibus
4060 3744 4197 3787 cer·

993 3827 1158 3892 uisie
1205 3826 1350 3890 XII
1395 3827 1582 3889 scoti.

1208 3933 1383 3996 Item
1429 3930 1842 3996 falconariis:
1909 3933 2068 3994 item
2119 3932 2151 3994 I
2196 3934 2503 4015 quartale
2551 3933 2848 3996 carnium
2894 3934 3257 4016 proprium,
3321 3933 3479 3997 item
3529 3933 3681 3997 XX
3728 3935 3893 4016 pulli
3937 3937 4197 4018 proprii,

995 4040 1156 4104 item
1204 4040 1236 4102 I
1284 4039 1456 4102 aries
1503 4040 1826 4122 proprius»,
1871 4040 2031 4102 item
2079 4060 2204 4122 pro
2250 4039 2282 4101 I
2331 4039 2579 4102 octuali
2626 4039 2903 4103 ceruisie
2949 4040 3054 4103 VI
3102 4041 3289 4104 scoti.

1211 4148 1383 4210 Item
1429 4146 1804 4230 hospitibus
1851 4148 1935 4209 de
1982 4146 2313 4210 Moszkwa
2334 4171 2359 4208 .·
2422 4146 2583 4210 item
2632 4147 2665 4210 I
2711 4148 3017 4230 quartale
3064 4148 3362 4210 carnium
3426 4149 3790 4232 proprium,
3852 4149 4015 4212 item
4078 4171 4197 4233 pro

998 4256 1144 4319 XII
1190 4253 1404 4338 pullis,
1470 4253 1748 4337 quilibet
1812 4254 2035 4336 pullus
2098 4274 2221 4336 per
2277 4255 2340 4334 ¹s2
2400 4274 2497 4337 gr.
2562 4254 2720 4318 facit
2783 4255 2886 4318 III
2950 4275 3041 4318 sc.
3107 4255 3265 4319 item
3330 4275 3454 4338 pro
3517 4256 3553 4319 I
3614 4256 3863 4320 octuali
3926 4258 4201 4322 ceruisie

999 4363 1102 4426 VI
1148 4362 1333 4427 scoti.

1216 4468 1501 4533 Summa
1545 4469 1725 4532 diete
1772 4469 1873 4531 III
1923 4489 2082 4532 mar.
2129 4468 2311 4531 XIV
2356 4469 2540 4532 scoti.

1217 4577 1389 4638 Item
1435 4574 1600 4638 feria
1646 4575 1715 4638 II
1763 4575 1964 4656 (21l7)
2011 4577 2150 4638 dno
2196 4575 2385 4660 Regi
2432 4577 2519 4639 ad
2564 4577 2955 4658 prandium:
3010 4577 3170 4640 item
3217 4597 3425 4660 pecus
3469 4578 3833 4662 proprium,
3875 4579 4035 4643 item
4083 4600 4205 4664 pro

1005 4686 1073 4749 II
1120 4684 1437 4747 arietibus
1481 4682 1584 4744 VI
1631 4683 1818 4756 scoti,
1864 4682 2022 4746 item
2070 4681 2203 4746 LX
2249 4684 2414 4766 pulli
2459 4683 2725 4766 proprii,
2770 4683 2930 4746 item
2977 4704 3100 4764 pro
3145 4683 3247 4747 IV
3293 4685 3477 4748 aucis
3523 4685 3589 4748 ΙΙ
3636 4686 3823 4757 scoti,
3876 4685 4035 4750 item
4080 4707 4204 4770 pro

1006 4793 1074 4855 II
1119 4789 1378 4875 sugillis
1427 4790 1530 4853 III
1577 4811 1674 4874 gr.
1722 4790 1880 4852 item
1927 4809 2050 4872 pro
2101 4790 2166 4852 II
2213 4791 2363 4853 ollis
2409 4791 2609 4853 butiri
2653 4789 2757 4853 VI
2805 4790 2991 4863 scoti,
3054 4791 3216 4854 item
3280 4811 3404 4874 pro
3450 4789 3603 4855 XX
3650 4793 3861 4856 caseis
3907 4793 3975 4856 Il
4022 4796 4204 4868 scoti,

1007 4902 1164 4964 item
1213 4918 1335 4982 pro
1382 4900 1553 4961 lacte
1601 4908 1668 4960 et
1715 4918 1942 4962 crema
1987 4897 2090 4960 III
2137 4899 2321 4971 scoti,
2368 4898 2525 4960 item
2575 4897 2675 4960 IV
2724 4919 3063 4982 cappones
3109 4898 3373 4981 proprii,
3436 4898 3598 4962 item
3644 4918 3766 4982 pro
3822 4919 4031 4981 perna
4076 4901 4205 4964 lar-

1008 5008 1179 5072 dinis
1225 5007 1359 5069 VII
1409 5005 1594 5079 scoti,
1640 5005 1802 5067 item
1850 5004 1951 5067 VI
2000 5005 2286 5068 octualia
2334 5005 2612 5068 ceruisie
2659 5006 2945 5088 propria.

1223 5116 1396 5177 Item
1445 5115 1578 5176 dne
1625 5112 1900 5196 Regine
1949 5114 2035 5175 ad
2083 5113 2471 5195 prandium:
2519 5113 2677 5176 item
2727 5113 2793 5176 II
2841 5113 3173 5195 quartalia
3217 5113 3515 5176 carnium
3554 5117 3839 5196 propria,
3875 5115 4033 5178 item
4072 5117 4204 5180 XL

1011 5221 1174 5306 pulli
1220 5219 1485 5304 proprii,
1549 5219 1708 5282 item
1756 5239 1878 5302 pro
1927 5219 2131 5282 ariete
2178 5220 2280 5281 III
2329 5220 2512 5293 scoti,
2577 5220 2735 5282 item
2784 5240 2908 5302 pro
2956 5220 3022 5282 II
3071 5219 3255 5282 aucis
3300 5218 3331 5282 I
3380 5229 3544 5284 scot.
3607 5220 3769 5283 item
3815 5241 3937 5304 pro
3984 5223 4051 5286 ΙΙ
4098 5245 4205 5288 su-

1013 5329 1190 5416 gillis
1238 5328 1340 5391 III
1389 5347 1489 5411 gr.
1535 5327 1694 5390 item
1741 5347 1864 5408 pro
1912 5329 2085 5391 lacte
2134 5336 2201 5389 et
2248 5346 2475 5390 crema
2521 5326 2622 5389 IV
2667 5327 2851 5400 scoti,
2898 5327 3059 5390 item
3106 5347 3227 5408 pro
3273 5347 3483 5409 perna
3528 5328 3801 5391 lardinis
3846 5329 3983 5392 VII
4020 5332 4205 5404 scoti,

1012 5439 1173 5502 item
1221 5457 1345 5519 pro
1389 5434 1548 5518 piris
1593 5444 1664 5497 et
1709 5435 1959 5496 cerusis
2007 5435 2109 5496 III
2156 5433 2341 5507 scoti,
2388 5433 2549 5497 item
2598 5434 2697 5496 III
2746 5434 3035 5497 octualia
3084 5433 3361 5498 ceruisie
3407 5435 3692 5517 propria.

1228 5544 1401 5606 Item
1447 5543 1584 5605 dno
1631 5541 2066 5604 marsalconi:
2131 5541 2289 5603 item
2356 5561 2479 5622 pro
2542 5541 2827 5624 quartali
2888 5541 3188 5604 carnium
3254 5542 3355 5604 ΙΙΙ
3402 5542 3585 5614 scoti,
3648 5541 3810 5605 item
3874 5563 3997 5626 pro
4062 5545 4205 5609 XII

1015 5651 1216 5735 pullis
1262 5650 1364 5713 III
1409 5649 1598 5724 scoti,
1639 5647 1799 5710 item
1846 5666 1969 5728 pro
2015 5645 2222 5710 ariete
2270 5647 2408 5710 VII
2455 5668 2555 5732 gr.
2600 5647 2761 5710 item
2808 5668 2929 5730 pro
2974 5647 3009 5710 I
3046 5648 3291 5712 octuali
3336 5648 3613 5712 ceruisie
3660 5647 3761 5711 VI
3808 5650 3995 5714 scoti.

4568 6315 4588 6515 h———-
4585 6299 4587 6302 ,
