4592 6559
978 475 1097 549 148
1655 486 2035 551 REJESTRA
2081 486 2601 548 ronuzcrwti
2646 474 3303 537 Koncz‘msmneo.
3360 492 3542 552 1390·

963 685 1032 747 II
1079 687 1214 749 olle
1255 687 1456 749 butiri
1499 686 1684 769 prius
1730 695 1970 769 empte,
2016 707 2142 768 pro
2184 686 2377 749 tortis
2422 686 2565 749 siue
2612 686 2767 749 albo
2813 706 2987 769 pane
3034 686 3068 749 I
3113 706 3203 749 sc.
3258 686 3417 749 item
3480 686 3753 751 mileum
3818 688 4165 769 proprium

963 802 1032 855 et
1075 793 1108 855 I
1153 814 1390 877 sexag.
1435 794 1784 869 luminum,
1829 802 1897 857 et
1941 814 2176 876 sepum
2225 814 2350 876 pro
2394 792 2635 875 lampis
2678 792 2819 855 heri
2866 794 3099 857 datum
3145 793 3429 875 propria.

1177 900 1298 963 Ad
1343 900 1854 964 distribuciones
1900 920 2227 983 equorum
2276 900 2409 962 dne
2455 899 2733 983 Regine
2778 910 2846 962 et
2892 899 3293 963 curiensium
3343 900 3519 965 eius:
3566 921 3689 983 pro
3728 900 3909 965 XVI
3954 921 4163 963 mens,

962 1026 1180 1069 auene
1242 1007 1275 1070 I
1341 1026 1502 1071 mar.
1567 1007 1740 1071 VIII
1805 1028 1892 1071 sc.
1967 1008 2337 1091 quamlibet
2409 1026 2795 1069 mensuram
2858 1026 2979 1088 per
3042 1007 3110 1069 ΙΙ
3174 1028 3262 1070 sc.
3336 1008 3718 1090 recipiendo
3792 1017 3860 1071 et
3930 1007 4161 1071 fenum

961 1114 1320 1196 proprium.

1175 1222 1296 1287 Ad
1340 1231 1554 1285 totam
1600 1222 1778 1285 diem
1825 1223 1961 1285 dno
2007 1222 2423 1303 procuratori
2470 1231 2538 1285 et
2583 1222 3143 1304 viceprocuratori
3189 1242 3343 1285 cum
3379 1220 3631 1285 familia
3666 1223 3899 1286 castri:
3945 1222 4165 1304 pisces

959 1350 1084 1410 pro
1129 1329 1379 1411 dyariis
1424 1329 1608 1411 prius
1653 1330 1878 1412 empti,
1923 1350 2050 1411 pro
2095 1330 2353 1393 cancris
2400 1330 2431 1392 I
2480 1350 2579 1413 gr.
2627 1339 2694 1392 et
2758 1350 2923 1411 cepe
2986 1330 3169 1411 prius
3234 1339 3554 1411 emptum,
3618 1350 3745 1411 pro
3807 1329 4047 1393 boletis
4092 1340 4165 1393 et

961 1437 1256 1499 oleribus
1303 1437 1616 1499 videlicet
1663 1436 1840 1521 gker
1883 1438 1916 1499 I
1963 1458 2064 1521 gr.
2127 1438 2367 1501 iterum
2433 1438 2651 1519 pisum
2717 1438 2903 1519 prius
2966 1448 3267 1519 emptum
3332 1446 3401 1501 et
3466 1437 3737 1501 mileum
3804 1438 4162 1519 proprium,

958 1544 1198 1609 iterum
1229 1543 1298 1607 II
1325 1564 1560 1628 sexag.
1607 1544 1798 1626 panis
1827 1545 2110 1628 siliginei
2156 1544 2420 1627 proprii,
2464 1544 2626 1607 item
2672 1544 2705 1606 I
2734 1546 2997 1609 octuale
3043 1544 3321 1609 ceruisie
3358 1544 3643 1627 proprie,
3686 1565 3813 1625 pro
3848 1544 3917 1607 II
3954 1564 4167 1609 mens-

959 1672 1176 1715 auene
1225 1651 1327 1715 IV
1374 1672 1462 1715 sc.
1508 1651 1738 1715 fenum
1785 1652 2145 1735 proprium,
2192 1652 2435 1715 iterum
2483 1652 2739 1714 lumina
2783 1653 3053 1734 propria
3096 1652 3279 1733 prius
3324 1650 3516 1727 facta,
3564 1652 3807 1715 iterum
3856 1653 3942 1715 de
3987 1652 4019 1715 I
4066 1654 4163 1715 la-

957 1759 1112 1841 pide
1157 1759 1300 1841 sepi
1345 1759 1600 1823 lumina
1646 1770 1804 1823 sunt
1848 1768 2102 1841 parata,
2147 1759 2305 1841 quia
2350 1759 2535 1841 prius
2579 1758 2757 1823 facta
2802 1779 3019 1841 pauca
3064 1768 3270 1823 erant.

1170 1864 1455 1931 Summa
1500 1866 1634 1931 diei
1679 1866 1779 1929 IV
1828 1887 2053 1929 marce
2100 1865 2278 1929 XIV
2326 1886 2416 1929 sc.
2463 1866 2608 1930 XII
2654 1868 2803 1931 den.
2850 1887 3064 1929 auene
3108 1866 3360 1931 XVIII
3406 1886 3733 1931 mensure.

1171 1973 1369 2037 Feria
1414 1973 1517 2037 III
1565 1974 1712 2055 ipso
1757 1975 1864 2037 die
1911 1973 2393 2057 Rogacionum
2443 1973 2645 2057 (10s5)
2692 1995 2814 2057 pro
2859 1974 3154 2057 piscibus
3198 1975 3577 2039 recentibus
3624 1975 3656 2037 Ι
3704 1994 3867 2038 mar.
3904 1976 3937 2037 Ι
3973 1974 4165 2049 ferto,

953 2101 1077 2163 pro
1123 2081 1368 2145 boletis
1413 2092 1482 2144 et
1526 2081 1868 2145 holeribus
1915 2081 2226 2143 videlicet
2261 2079 2438 2163 gker
2481 2080 2583 2149 III
2630 2092 2844 2165 quart.
2910 2102 3033 2164 pro
3078 2082 3486 2164 petrozelino
3532 2092 3601 2145 et
3645 2081 3937 2145 feniculo
3982 2082 4016 2145 I
4062 2103 4163 2166 gr.

956 2209 1078 2271 pro
1125 2190 1298 2251 lacte
1346 2198 1413 2251 et
1459 2208 1685 2251 crema
1729 2188 1834 2252 IV
1880 2208 1969 2251 sc.
2017 2188 2050 2251 I
2098 2197 2309 2271 quart.
2357 2208 2481 2270 pro
2527 2190 2785 2251 cancris
2832 2188 2898 2251 V
2944 2209 3043 2273 gr.
3110 2198 3179 2252 et
3224 2210 3391 2272 cepe
3436 2190 3621 2271 prius
3668 2199 3991 2271 emptum,
4036 2210 4161 2273 pro

955 2306 1150 2360 aceto
1195 2296 1228 2358 I
1275 2317 1377 2380 gr.
1425 2306 1492 2358 et
1536 2296 1758 2377 pisum
1804 2298 1988 2377 prius
2046 2305 2365 2377 emptum,
2432 2296 2671 2359 iterum
2718 2296 2819 2359 IV
2868 2318 3018 2361 owa
3064 2306 3133 2359 et
3176 2296 3310 2362 XL
3375 2298 3551 2361 casei
3614 2298 3881 2379 propria
3928 2307 3995 2360 et
4042 2298 4163 2359 mi-

953 2406 1155 2478 leum,
1201 2424 1325 2485 pro
1372 2405 1663 2465 medone
1709 2404 1842 2465 dne
1889 2403 2417 2485 Myclussonisse
2464 2404 2497 2465 I
2544 2425 2643 2487 gr.
2699 2424 2825 2485 pro
2872 2405 3029 2467 albo
3091 2424 3267 2486 pane
3312 2404 3379 2465 in
3438 2402 3800 2488 Opatouccz
3842 2405 3911 2467 II
3958 2425 4045 2467 sc,
4092 2414 4163 2469 et

953 2532 1157 2593 super
1223 2510 1680 2591 prouisionem
1743 2530 1870 2591 pro
1933 2511 2068 2572 dna
2131 2510 2447 2593 Regina;
2514 2511 2753 2575 iterum
2821 2511 2955 2575 XL
3022 2532 3234 2593 panes
3287 2532 3413 2593 pro
3458 2512 3687 2575 talaris
3732 2521 3800 2575 et
3844 2513 3879 2576 I
3924 2533 4162 2596 sexag.

953 2617 1144 2701 panis
1193 2617 1328 2681 albi
1371 2617 1660 2699 propria,
1709 2626 1776 2679 et
1821 2616 1891 2678 II
1938 2618 2069 2680 olle
2115 2616 2316 2679 butiri
2380 2619 2565 2701 prius
2612 2619 2834 2701 empti,
2880 2619 3037 2683 item
3086 2618 3153 2680 V
3202 2618 3493 2684 octualia
3555 2620 3831 2683 ceruisie
3894 2620 4159 2703 proprie

952 2746 1080 2809 pro
1124 2736 1268 2789 tota
1314 2725 1440 2789 die.
2973 2790 2977 2794 ,

1168 2834 1289 2896 Ad
1335 2833 1848 2896 distribuciones
1906 2833 2271 2896 castellano
2337 2833 2765 2898 Cracouiensi
2832 2844 2899 2895 et
2963 2834 3107 2897 aliis
3169 2834 3587 2897 curiensibus
3650 2835 3785 2897 dne
3850 2834 4157 2919 Regiae:

953 2962 1077 3025 pro
1123 2941 1416 3025 piscibus
1462 2940 1845 3005 recentibus
1901 2940 1934 3003 I
1980 2940 2154 3003 ferto
2216 2950 2285 3004 et
2352 2940 2459 3005 alii
2525 2941 2789 3022 proprii,
2852 2942 3091 3005 iterum
3156 2940 3323 3005 CCC
3392 2960 3543 3005 owa
3590 2950 3659 3005 et
3706 2942 3937 3005 XXX
3980 2944 4159 3007 casei

955 3050 1240 3131 propria,
1286 3049 1444 3112 item
1491 3050 1712 3130 pisum
1757 3048 1942 3130 prius
1987 3058 2288 3129 emptum
2338 3058 2405 3111 et
2452 3048 2725 3111 mileum
2788 3048 3127 3131 proprium
3142 3097 3156 3122 ,
3223 3049 3463 3111 iterum
3529 3047 3639 3112 IX
3684 3070 3922 3133 sexag.
3968 3050 4159 3132 panis

953 3178 1080 3240 pro
1125 3156 1438 3220 omnibus
1483 3155 1750 3240 dyadis,
1796 3166 1868 3220 et
1911 3156 1944 3217 I
1990 3175 2229 3239 sexag.
2276 3156 2413 3219 albi
2458 3156 2649 3237 panis
2693 3156 2942 3237 proprii
2988 3165 3220 3219 totum.

1167 3263 1288 3327 Ad
1335 3284 1574 3327 cenam
1623 3265 1756 3327 dne
1805 3263 2116 3347 Regine:
2161 3283 2286 3345 pro
2333 3262 2625 3344 piscibus
2670 3261 2843 3325 VIII
2890 3283 2977 3325 se.
3025 3263 3058 3324 Ι
3106 3284 3207 3347 gr.
3254 3274 3322 3327 et
3367 3264 3476 3325 alii
3522 3264 3787 3347 proprii,
3834 3286 3959 3346 pro
4003 3286 4155 3327 can—

954 3371 1084 3436 cris
1129 3370 1275 3451 II¹l2
1334 3392 1432 3454 gr.
1481 3380 1549 3433 et
1595 3390 1760 3451 cepe
1807 3371 1990 3451 prius
2037 3380 2361 3451 emptum,
2427 3390 2555 3451 pro
2597 3369 2838 3432 boletis
2886 3369 2989 3431 III
3034 3381 3248 3452 quart.
3314 3391 3437 3451 pro
3500 3372 3907 3452 peti-ozelino
3953 3357 4021 3435 et
4066 3372 4159 3435 fe·

957 3480 1182 3543 niculo
1227 3478 1374 3541 XII
1420 3480 1571 3541 den.
1616 3498 1742 3559 pro
1787 3479 1962 3541 lacte
2011 3488 2079 3539 et
2117 3498 2340 3540 crema
2388 3476 2491 3539 ΙΙΙ
2536 3497 2625 3539 se.
2672 3476 2911 3541 iterum
2960 3476 3028 3539 II
3066 3476 3119 3541 C
3158 3498 3309 3539 owa
3354 3488 3421 3540 et
3467 3479 3603 3542 XI.
3650 3480 3829 3542 casei
3874 3481 4158 3563 propria,

952 3608 1076 3670 pro
1123 3587 1192 3649 ΙΙ
1241 3585 1294 3649 C
1342 3586 1509 3649 owis
1554 3586 1622 3647 V
1669 3607 1768 3669 gr.
1816 3586 1974 3669 quia
2019 3585 2286 3667 propria
2333 3582 2708 3657 defuerunt,
2754 3604 2883 3665 pro
2925 3594 3121 3649 aceto
3165 3584 3309 3647 XII
3356 3587 3505 3650 den.
3554 3586 3794 3649 iterum
3841 3588 4035 3669 panis
4070 3589 4155 3651 de

964 3693 1326 3780 Opatouecz
1389 3695 1583 3757 albus
1647 3713 1771 3775 pro
1835 3694 1970 3757 dna
2043 3693 2319 3777 Regina
2384 3691 2567 3773 prius
2631 3700 2897 3773 emptus
2962 3700 3029 3753 et
3092 3691 3227 3755 XL
3292 3712 3503 3774 panes
3545 3714 3668 3775 pro
3714 3694 3965 3757 tallaris
4013 3704 4079 3756 et
4125 3694 4156 3756 I

952 3822 1186 3886 sexag.
1231 3802 1368 3864 albi
1412 3800 1603 3883 panis
1649 3800 1900 3884 proprii
1945 3809 2180 3874 totum,
2241 3800 2399 3862 item
2448 3799 2481 3860 Ι
2528 3800 2857 3861 talentum
2922 3799 3250 3865 luminum
3317 3810 3385 3861 et
3448 3820 3685 3882 sepum
3750 3821 3875 3883 pro
3920 3802 4157 3883 lampis

953 3909 1161 3973 tercia
1205 3908 1313 3971 die
1359 3910 1609 3972 datum.

1166 4016 1288 4079 Ad
1335 4016 1848 4079 distribuciones
1892 4035 2218 4098 equorum
2267 4017 2400 4077 dne
2448 4014 2723 4097 Regine
2769 4022 2838 4075 et
2883 4014 3285 4077 curiensium
3333 4015 3507 4079 eius:
3575 4036 3698 4097 pro
3746 4015 3925 4079 XVI
3972 4036 4156 4079 men-

955 4125 1124 4189 suris
1173 4142 1390 4187 auene
1437 4123 1471 4186 I
1517 4143 1678 4187 mar.
1725 4122 1898 4187 VIII
1945 4143 2034 4187 se.
2083 4122 2454 4206 quamlibet
2500 4142 2887 4185 mensuram
2932 4142 3052 4203 per
3100 4122 3166 4184 II
3213 4143 3302 4184 sc.
3370 4124 3751 4205 recipiendo
3818 4134 3885 4187 et
3928 4123 4157 4191 fenum

953 4232 1316 4316 proprium.

1168 4339 1290 4402 Ad
1334 4348 1550 4403 totam
1597 4339 1774 4403 diem
1821 4340 1957 4403 dno
2013 4337 2431 4419 procuratori
2494 4347 2562 4399 et
2626 4338 3193 4419 viceproeuratori
3258 4358 3413 4403 cum
3458 4337 3709 4403 familia
3754 4341 3989 4405 castri:
4034 4362 4159 4422 pto

955 4448 1251 4531 piscibus
1297 4457 1365 4511 et
1413 4447 1675 4509 cancris
1717 4445 1826 4509 IX
1875 4466 1972 4529 gr.
2021 4456 2090 4509 et
2146 4444 2257 4507 alii
2302 4444 2567 4525 proprii,
2631 4463 2757 4525 pro
2802 4445 2978 4517 beta,
3044 4446 3199 4507 oleo
3242 4456 3311 4509 et
3355 4447 3771 4527 petrozelino
3814 4447 3959 4511 XII
4004 4450 4155 4511 den.

954 4555 1196 4619 iterum
1243 4554 1464 4635 pisum
1512 4563 1580 4616 et
1625 4552 1921 4617 butirum
1969 4551 2151 4634 prius
2200 4560 2522 4633 emptum,
2586 4551 2747 4615 item
2794 4550 2846 4613 C
2896 4570 3047 4617 owa
3093 4561 3160 4614 et
3206 4552 3350 4615 XII
3417 4554 3594 4617 casei
3658 4555 3945 4636 propria,
3993 4555 4155 4617 item

955 4662 1026 4725 II
1072 4681 1310 4745 sexag.
1357 4660 1550 4742 panis
1597 4670 1664 4722 et
1711 4659 1983 4722 mileum
2033 4659 2319 4740 propria,
2366 4658 2526 4721 item
2582 4658 2615 4719 I
2664 4660 2929 4721 octuale
2994 4659 3272 4723 ceruisie
3337 4661 3619 4742 proprie,
3684 4682 3807 4743 pro
3852 4662 3923 4725 II
3970 4682 4151 4725 men-

957 4769 1130 4833 suris
1176 4788 1393 4832 auene
1440 4766 1544 4831 IV
1589 4786 1681 4831 sc.
1728 4776 1797 4830 et
1841 4765 2071 4831 fenum
2120 4765 2483 4848 proprium,
2530 4766 2771 4829 iterum
2818 4765 3071 4829 lumina
3116 4768 3387 4849 propria
3430 4778 3499 4831 et
3544 4769 3732 4850 prius
3772 4769 3965 4835 facta.

1172 4874 1456 4940 Summa
1503 4874 1632 4939 diei
1679 4873 1780 4937 IV
1827 4894 2052 4937 marce
2098 4874 2272 4936 VIII
2321 4893 2411 4936 sc.
2458 4873 2490 4935 Ι
2536 4894 2637 4956 gr.
2683 4872 2783 4936 IV
2831 4874 2981 4937 den.
3028 4894 3244 4937 auene
3288 4874 3539 4939 XVIII
3585 4896 3916 4941 mensure.

1171 4982 1368 5047 Feria
1412 4981 1515 5044 IV
1569 4981 1874 5046 videlicet
1919 4981 1986 5046 in
2024 4982 2256 5065 vig-ilia
2292 4980 2733 5045 Ascensionis
2776 4980 3051 5045 Domini
3087 4982 3299 5046 nostri
3328 4983 3489 5062 Jesu
3529 4983 3771 5048 Christi
3819 4988 3874 5066 (ι.
3896 4986 4024 5069 1s5)
4067 4988 4157 5059 ad

958 5090 1316 5175 prandium
1361 5090 1496 5153 dne
1543 5088 1818 5175 Regine
1866 5109 2019 5153 eum
2077 5088 2331 5153 familia
2394 5088 2570 5151 eius:
2636 5109 2759 5169 pro
2822 5089 3117 5171 piscibus
3163 5090 3198 5153 I
3246 5110 3406 5153 mar.
3453 5102 3523 5153 et
3566 5092 3676 5154 alii
3720 5094 3988 5174 proprii,
4033 5112 4159 5175 pro

958 5200 1264 5263 salmone
1309 5197 1560 5260 recenti
1607 5197 1719 5259 IX
1764 5218 1855 5260 sc.
1903 5217 2024 5279 pro
2071 5196 2375 5281 anguilla
2422 5204 2490 5259 et
2536 5198 2729 5259 luceo
2778 5216 3081 5281 mangno
3130 5197 3195 5257 V
3245 5218 3347 5282 gr.
3394 5218 3519 5281 pro
3563 5200 3807 5263 boletis
3854 5200 3889 5263 I
3932 5220 4023 5265 se.
4086 5210 4157 5265 et

961 5326 1126 5389 cepe
1170 5305 1356 5389 prius
1401 5314 1722 5386 emptum,
1769 5324 1894 5387 pro
1938 5304 2232 5369 oleribus
2289 5304 2485 5369 dictis
2524 5304 2696 5389 gker
2738 5305 2885 5367 XII
2930 5306 3082 5368 den.
3146 5326 3269 5387 pro
3316 5307 3573 5371 cancris
3615 5306 3681 5369 V
3729 5328 3828 5391 gr.
3876 5328 3997 5391 pro
4043 5330 4154 5391 pe·

958 5413 1280 5479 trozelino
1319 5421 1388 5477 et
1422 5411 1764 5477 fennieulo
1799 5412 1943 5474 XII
1982 5413 2130 5476 den.
2169 5432 2295 5494 pro.
2340 5422 2533 5475 aceto
2581 5412 2612 5474 I
2658 5432 2749 5475 sc.
2796 5422 2865 5475 et
2910 5412 2977 5474 II
3024 5414 3157 5477 olle
3192 5414 3391 5477 butiri
3427 5415 3608 5495 prius
3646 5426 3889 5497 empte,
3934 5416 4157 5498 pisum

960 5519 1143 5604 prius
1190 5530 1494 5603 emptum
1541 5529 1609 5583 et
1655 5519 1928 5583 mileum
1975 5520 2339 5603 proprium,
2384 5520 2625 5585 iterum
2663 5521 2861 5604 panis
2902 5522 3095 5585 albus
3140 5522 3324 5603 prius
3370 5534 3635 5604 emptus
3669 5524 3734 5586 in
3778 5523 4157 5609 Opatoueae,
