4592 6559
615 520 992 589 REJESTRA
1037 506 1462 586 WATROBKI
1509 522 2165 586 W1ELK0RzAchY
2213 517 2875 576 KR.x1<owsK1EGo.
2934 533 3116 593 1419,
3173 530 3357 591 1420.
3459 527 3494 594 5
3504 523 3583 594 53

1805 805 2186 904 (1419).

605 989 942 1054 Secuntur
987 991 1325 1054 staciones
1372 992 1613 1055 nobilis
1677 993 1931 1055 domini
1997 993 2423 1056 Medelanski
2490 1002 2557 1055 et
2628 993 2880 1056 domini
2946 993 3119 1078 Byel
3168 992 3588 1055 veniencium

389 1099 456 1160 in
504 1096 999 1170 Proschowz'cze,
1067 1097 1243 1162 facta
1306 1099 1562 1184 regalia
1627 1100 2154 1182 disponencium,
2221 1099 2465 1183 quibus
2512 1099 2736 1162 omnia
2783 1109 2850 1162 et
2896 1098 3165 1182 singula
3213 1099 3593 1184 necessaria

389 1217 546 1268 sunt
595 1206 978 1279 ministrata,
1027 1226 1208 1294 anno
1261 1207 1464 1281 XIX,
1516 1218 1582 1269 ct
1630 1208 1908 1270 aliorum
1977 1207 2421 1280 dominorum,
2470 1217 2538 1268 et
2584 1208 2799 1288 primo
2847 1207 3056 1270 stacio
3103 1207 3354 1268 domini
3404 1206 3592 1290 Byel.

607 1313 776 1376 Item
826 1313 990 1376 feria
1036 1326 1232 1376 sexta
1279 1324 1431 1396 post
1498 1314 2032 1397 Concepcionem
2084 1324 2319 1378 sancte
2371 1314 2583 1376 Marie
2631 1315 2897 1397 (15s12),
2962 1316 3235 1396 quando
3283 1314 3595 1376 dominus

396 1421 565 1503 Byel
615 1441 768 1484 cum
818 1422 1118 1484 curribus
1186 1423 1526 1506 regalibus
1575 1422 2044 1504 Lythwaniam
2113 1421 2455 1504 equitauit,
2503 1423 2741 1484 eodem
2809 1433 2969 1484 tunc
3016 1423 3141 1497 die,
3191 1442 3327 1504 quo
3373 1440 3592 1502 supra,

390 1529 456 1590 in
507 1527 974 1592 Proschouicze
1018 1531 1105 1592 ad
1153 1540 1420 1593 noctem
1471 1530 1774 1593 veniens:
1823 1531 1984 1593 item
2033 1550 2156 1613 pro
2204 1530 2452 1592 octuali
2498 1529 2775 1592 ceruisie
2822 1539 2890 1592 et
2934 1539 3220 1612 quatuor
3267 1529 3595 1591 mensuris

392 1656 625 1708 auene,
675 1656 1058 1699 mensuram
1116 1637 1486 1719 quamlibet
1551 1637 1933 1720 recipiendo
1997 1630 2152 1719 per“
2184 1647 2473 1720 quatuor
2536 1657 2811 1720 grossos
2876 1646 2943 1699 et
3006 1638 3271 1700 octuale
3317 1635 3595 1698 ceruisie

388 1763 514 1824 pro
560 1753 716 1806 octo
761 1745 981 1818 scotiS,
1029 1743 1094 1806 in
1143 1755 1288 1806 toto
1335 1743 1493 1807 facit
1541 1744 1719 1808 XVI
1765 1755 2007 1808 scotos

1809 2019 2192 2124 (1420).

607 2227 862 2292 Sabato
907 2239 1060 2310 post
1103 2227 1350 2290 festum
1399 2227 1869 2292 Conuersionis
1916 2229 2096 2292 beati
2143 2229 2337 2291 Pauli
2384 2230 2604 2314 (2711),
2652 2229 2961 2292 dominus
3008 2227 3184 2311 Byel
3230 2227 3593 2312 equitando

392 2355 549 2397 cum
599 2335 1050 2420 quadraginta
1095 2336 1308 2398 tribus
1373 2336 1561 2418 equis
1607 2336 1670 2398 in
1723 2335 2204 2399 Proschowz'cze
2249 2337 2448 2410 venit,
2515 2336 2622 2399 cui
2668 2345 2866 2419 potus
2912 2345 2981 2398 et
3026 2336 3261 2418 queuis
3308 2335 3438 2397 alia
3483 2354 3597 2397 ne-

393 2443 684 2505 cessaria
729 2453 886 2505 sunt
931 2442 1303 2505 ministrata
1347 2463 1551 2525 super
1616 2453 1824 2505 totam
1893 2444 2105 2506 diem:
2171 2443 2331 2506 item
2396 2464 2520 2525 pro
2584 2443 2832 2506 octuali
2895 2442 3171 2506 ceruisie
3217 2442 3388 2505 VIII
3435 2451 3597 2504 scot.

393 2550 551 2612 item
601 2571 724 2632 pro
770 2549 910 2613 VII
965 2550 1293 2612 mensuris
1359 2570 1592 2618 auene.
1656 2571 1778 2631 per
1842 2560 2133 2633 quatuor
2199 2572 2298 2633 gr.
2349 2550 2749 2632 recipiend0‚
2798 2549 3011 2612 XIIII
3058 2559 3219 2613 scot.
3268 2549 3426 2611 item
3475 2569 3597 2631 pro

393 2657 688 2738 piscibus
736 2668 804 2720 et
849 2658 1074 2721 allecis
1122 2658 1196 2720 X
1244 2677 1344 2741 gr.
1409 2657 1568 2719 item
1635 2677 1760 2739 pro
1825 2659 1971 2720 ouis
2039 2667 2331 2740 quatuor
2395 2677 2493 2741 gr.
2560 2657 2720 2720 item
2769 2677 2892 2738 pro
2940 2676 3113 2738 pane
3162 2657 3316 2718 albo
3363 2666 3430 2718 et
3474 2674 3598 2738 pro

394 2764 623 2846 pipere
671 2765 889 2829 eidem
940 2785 1062 2847 pro
1107 2765 1390 2847 prandio
1437 2774 1506 2826 et
1552 2773 1776 2828 cetera
1820 2777 2112 2847 quatuor
2158 2785 2257 2848 gr.

610 2869 932 2954 Sequitur
975 2873 1106 2936 alia
1152 2873 1362 2935 stacio
1408 2873 1648 2934 nobilis
1715 2872 2144 2935 Medelanski
2209 2872 2460 2954 pariter
2523 2893 2675 2934 cum
2726 2871 3001 2936 domino
3067 2871 3241 2954 Byel
3289 2870 3451 2933 feria
3498 2891 3599 2933 se-

396 2980 620 3042 cunda
665 2992 824 3044 ante
872 2979 1394 3062 Carnispriuium
1445 2981 1645 3064 (19l2)
1694 2979 1758 3042 in
1810 2978 2327 3046 Proschowz‘cze:
2390 2980 2548 3042 item
2616 2979 2867 3042 eisdem
2936 2999 3056 3060 pro
3106 2977 3303 3060 pullis
3350 2975 3451 3041 VI
3498 2997 3599 3061 gr.

395 3086 558 3150 item
607 3109 729 3170 pro
778 3088 1062 3170 quartali
1110 3088 1407 3150 carnium
1449 3087 1662 3151 bowis
1699 3086 1766 3147 V
1804 3099 1966 3150 scot.
2015 3088 2172 3150 item
2221 3108 2345 3169 pro
2392 3108 2566 3170 pane
2614 3088 2768 3149 albo
2807 3097 2872 3148 et
2910 3107 3031 3168 pro
3070 3085 3473 3174 pipereffitres
3509 3103 3599 3147 se.

395 3194 556 3257 item
603 3216 727 3277 pro
774 3205 928 3258 octo
975 3196 1304 3258 mensuris
1351 3215 1566 3258 auene
1632 3197 1890 3277 emptiS,
1957 3196 2115 3278 quia
2179 3195 2313 3258 iam
2379 3215 2594 3258 auena
2658 3195 2727 3256 in
2792 3193 3025 3276 predio
3090 3192 3443 3266 defecerat,
3491 3213 3599 3256 ca-

395 3302 642 3383 piendo
715 3323 836 3385 per
883 3302 1020 3365 IIII
1086 3323 1185 3387 gr.
1251 3302 1430 3365 XVI
1495 3312 1656 3364 scot.
1731 3303 1890 3364 item
1967 3323 2088 3384 pro
2161 3303 2407 3366 octuali
2480 3302 2759 3365 ceruisie
2832 3321 2954 3384 pro
3028 3301 3280 3363 eisdem
3355 3310 3601 3382 empto,

397 3409 570 3472 VIII
617 3421 779 3474 scot.

613 3516 842 3583 Stacio
889 3519 1397 3592 walachorum,
1465 3517 1687 3581 fratris
1751 3519 2148 3600 woyewode
2203 3515 2703 3600 walasclzskego,
2770 3515 3098 3578 venientis
3161 3514 3326 3577 feria
3373 3514 3604 3596 quinta

397 3635 556 3689 ante
606 3625 1061 3689 Bartholomei
1109 3626 1328 3708 (2218).
1414 3626 1584 3688 Itcm
1651 3626 1899 3688 eisdem
1955 3625 2300 3687 walachis
2364 3645 2592 3707 paneS,
2658 3623 2850 3696 casei,
2916 3622 3145 3686 fenum
3213 3623 3299 3685 de
3363 3630 3601 3694 castr0‚

397 3733 558 3796 item
607 3753 732 3816 pro
778 3735 1090 3798 carnibus
1136 3734 1384 3796 eisdem
1436 3744 1502 3795 et
1547 3734 1746 3815 pullis
1793 3734 1866 3794 X
1914 3745 2076 3796 scot.
2135 3733 2293 3796 item
2345 3753 2467 3794 vas
2514 3731 2791 3795 ceruisie
2837 3751 2959 3813 pro
3004 3729 3255 3812 paratis
3298 3738 3598 3810 emptum

397 3861 522 3922 pro
560 3841 772 3905 tribus
817 3843 1036 3905 scotis,

615 3950 674 4012 F
676 3949 812 4012 eria
858 3962 1054 4014 sexta
1101 3961 1167 4014 et
1212 3952 1468 4024 sabat0,
1515 3971 1650 4032 quo
1697 3959 2130 4023 recesserunt,
2179 3949 2341 4011 nihil
2389 3947 2484 4010 eis
2532 3947 2855 4010 dedimus

615 4056 899 4122 Summa
943 4059 1143 4122 huius
1189 4060 1547 4140 columpne
1596 4057 1732 4119 IIII
1783 4077 1942 4120 mar.
1993 4056 2208 4119 XIIII
2253 4065 2421 4118 scot.

615 4163 936 4248 Sequitur
998 4167 1208 4229 stacio
1275 4165 1646 4230 Grecorum
1714 4164 1878 4227 feria
1943 4165 2174 4246 quinta
2239 4163 2549 4245 proxima
2614 4171 2769 4223 ante
2836 4159 3079 4222 festum
3149 4155 3606 4222 Bartholomei

403 4275 608 4358 (2218)
657 4294 836 4336 anno
883 4273 1220 4348 vicesim0,
1269 4273 1691 4335 veniencium
1741 4272 1806 4333 in
1855 4270 2350 4334 Proschowz'cze.

617 4381 788 4444 Item
836 4401 960 4464 pro
1006 4381 1318 4444 carnibus
1362 4379 1744 4444 recentibus
1809 4378 2074 4441 bouinis
2121 4381 2205 4440 ad
2233 4376 2607 4460 ,prandium
2674 4385 2742 4438 et
2787 4376 2873 4438 ad
2922 4393 3177 4448 cenam,
3241 4392 3363 4453 pro
3410 4391 3605 4453 quar-

400 4490 518 4552 tali
565 4509 817 4573 magno
865 4498 935 4552 et
981 4489 1053 4570 (s)
1111 4487 1326 4550 XIIII
1374 4508 1472 4571 gr.
1538 4487 1695 4549 item
1743 4507 1866 4568 pro
1913 4478 2190 4549 mutone
2255 4495 2545 4568 quatuor
2589 4493 2752 4545 scot
2815 4483 2977 4545 item
3023 4501 3145 4563 pro
3189 4479 3387 4561 pullis
3433 4488 3619 4554 octo,

401 4597 788 4678 recipiendo
834 4596 1184 4679 quodlibet
1240 4615 1360 4676 per
1407 4593 1549 4656 XV
1595 4595 1745 4656 den.
1792 4592 1970 4674 V11s,
2031 4614 2130 4676 gr.
2196 4593 2357 4655 item
2403 4612 2529 4674 pro
2576 4591 2786 4653 tribus
2852 4589 3219 4671 caponibus
3265 4606 3389 4668 per
3432 4584 3606 4648 VIII

402 4706 830 4787 quadrenteS,
877 4703 946 4766 II
992 4713 1154 4765 scot.
1201 4703 1359 4764 item
1407 4722 1530 4784 pro
1577 4701 1872 4784 quinque
1919 4700 2248 4763 mensuris
2294 4719 2508 4762 auene
2552 4718 2675 4780 per
2722 4697 2901 4777 11111,Ε
2944 4716 3051 4779 gr..
3090 4695 3247 4776 quia
3292 4693 3605 4756 dominus

405 4811 572 4874 Rex
619 4812 856 4874 iterum
903 4810 968 4873 in
1019 4810 1308 4874 crastino
1363 4808 1502 4882 fuit,
1549 4808 1721 4871 VIII
1769 4817 1931 4871 scot.
1997 4807 2156 4870 item
2221 4827 2345 4889 pro
2408 4825 2583 4888 pane
2650 4806 2805 4868 albo
2853 4813 2922 4866 et
2966 4803 3149 4876 owiS,
3197 4801 3354 4884 quia
3399 4820 3605 4881 super

404 4919 569 4983 owis
614 4920 866 4981 habere
913 4921 1287 4992 voluerunt,
1343 4916 1446 4979 III
1495 4937 1591 5000 gr.
1657 4916 1818 4978 item
1887 4915 2178 4977 butirum
2245 4925 2314 4977 et
2360 4913 2538 4976 casei
2602 4920 2795 4975 erant
2859 4912 2945 4973 de
2992 4909 3231 4982 alodi0,
3276 4907 3436 4970 item
3484 4926 3606 4988 pro

405 5027 650 5090 octuali
697 5025 975 5089 ceruisie
1020 5025 1194 5088 VIII
1240 5045 1330 5087 se.

620 5133 939 5217 Sequitur
984 5135 1113 5196 alia
1176 5133 1386 5196 stacio
1453 5132 1822 5194 eorundem
1890 5128 2262 5193 Grecorum
2330 5128 2396 5190 in
2445 5126 2771 5190 Cracouia
2833 5125 2942 5189 die
2988 5122 3205 5187 sabati
3252 5122 3415 5185 alias
3462 5121 3605 5204 ipso

406 5243 516 5306 die
561 5243 742 5305 beati
789 5241 1248 5304 Bartholomei
1297 5241 1516 5323 (2418),
1565 5258 1743 5300 anno
1791 5239 2048 5299 eodem.

621 5351 795 5412 Item
844 5349 950 5412 die
995 5350 1250 5422 sabat0,
1297 5367 1432 5430 quo
1480 5354 1809 5408 venerunt
1853 5344 2028 5406 idem
2080 5342 2296 5416 Greci,
2346 5352 2413 5403 et
2461 5341 2567 5403 die
2616 5339 2950 5402 dominico
2998 5347 3066 5399 et
3109 5336 3274 5399 feria
3311 5337 3611 5398 secunda

404 5459 493 5521 ad
539 5456 892 5539 prandium
940 5455 1251 5520 dominus
1289 5454 1608 5517 Nicolaus
1646 5451 1961 5533 antiquus
1999 5450 2420 5531 dispensator
2458 5447 2726 5510 domine
2765 5445 3043 5528 Regine
3082 5443 3333 5506 eisdem
3374 5443 3610 5506 Grecis

405 5565 784 5627 necessaria
831 5563 1215 5626 victualium
1264 5559 1678 5632 ministrauit,
1743 5558 1908 5622 feria
1963 5577 2127 5619 vero
2175 5557 2470 5618 secunda
2534 5555 2773 5617 eadem
2841 5551 3150 5615 dominus
3214 5559 3609 5632 procurator

410 5674 631 5736 solum
679 5672 1023 5736 dominum
1073 5682 1210 5734 met
1255 5670 1533 5734 tercium
1598 5687 1800 5748 super
1845 5665 2125 5748 prandio
2190 5663 2256 5725 in
2321 5662 2589 5726 ciuitate
2656 5661 2836 5743 apud
2904 5657 3076 5741 Spot
3120 5657 3353 5720 habuit
3400 5667 3468 5719 et
3513 5655 3607 5719 fa·

617 5815 907 5858 Nonumonta
934 5811 1070 5855 modii
1099 5812 1213 5855 nevi.
1241 5810 1292 5854 Ἰ.
1317 5809 1418 5852 XV.
3326 5794 3353 5844 7
3359 5796 3395 5830 0
