4592 6559
605 517 982 583 REJESTRA
1029 507 1455 580 WATRoBm
1503 519 2160 584 WIELKORZAchv
2208 525 2866 577 KRAxowsKmGO.
2925 521 3106 593 1418,
3167 537 3349 597 1419·
3444 537 3566 598 557

596 718 917 802 Sequitur
961 721 1312 802 expedicio
1360 723 1490 785 alia
1536 723 1938 785 canistarum
1986 735 2137 806 post
2183 725 2427 788 festum
2496 739 2726 790 sancte
2773 728 3007 792 Crucis
3054 751 3231 792 anno
3278 729 3575 806 XVIII⁰‚

383 837 687 909 tempore
733 829 1101 909 autumpni,
1147 829 1584 910 equitantium
1632 829 1700 892 in
1748 829 1975 893 Dobre
2016 831 2237 895 Staml
2332 834 2502 896 Item
2568 835 2849 897 Iohanni
2916 837 3218 900 Bohemo
3283 841 3369 902 de
3417 839 3577 903 Pro-

379 932 720 998 schowicze
763 956 884 1017 pro
932 935 1148 1000 ocreis
1193 936 1267 998 X
1316 958 1413 1019 gr.
1479 937 1638 999 item
1685 937 1938 1000 famulo
2004 939 2304 1002 eiusdem
2353 941 2671 1005 Iohannis
2718 953 2785 1006 et
2833 964 2953 1024 pro
2994 945 3212 1015 ,ocreis
3259 945 3429 1008 VIII
3478 968 3577 1030 gr.

382 1043 543 1104 item
593 1043 921 1125 Byalconi
966 1042 1031 1106 in
1081 1042 1554 1106 Proschowz'cze
1617 1044 1827 1107 eciam
1895 1045 2173 1109 iacentis
2236 1049 2309 1129 (s)
2368 1069 2519 1111 cum
2567 1049 2837 1124 famu10,
2901 1072 3023 1132 pro
3088 1053 3301 1116 ocreis
3348 1057 3578 1117 ambo-

385 1171 535 1214 rum
599 1151 776 1213 XVI
825 1171 924 1234 gr.
988 1151 1147 1213 item
1198 1150 1460 1226 Coezeli
1505 1152 1569 1213 in
1617 1146 2094 1236 Schlompmkz'
2145 1154 2386 1218 iacenti
2450 1177 2569 1238 pro
2637 1159 2848 1220 ocreis
2895 1158 3066 1221 VIII
3117 1181 3213 1243 gr.
3279 1161 3433 1242 quia
3487 1160 3581 1224 fa-

387 1262 642 1323 mulum
709 1260 885 1322 idem
934 1278 1069 1320 non
1134 1259 1354 1331 habet,
1405 1258 1575 1322 VIII
1623 1281 1718 1343 gr.
1785 1261 1943 1323 item
2015 1262 2265 1325 eisdem
2336 1246 2611 1326 canistis‘
2666 1285 2818 1327 cum
2885 1267 3161 1328 canibus
3226 1267 3291 1330 in
3358 1267 3585 1332 Debre

383 1365 603 1430 Stam‘
655 1367 1106 1450 pergentibus
1172 1387 1293 1448 pro
1358 1388 1551 1428 curru
1621 1387 1772 1430 cum
1840 1369 2016 1431 redis
2081 1379 2148 1431 et
2211 1371 2354 1453 alijs
2421 1373 2794 1455 attinencijs
2840 1383 2973 1436 tres
3020 1373 3162 1436 fert.
3227 1375 3388 1438 item
3454 1378 3582 1440 sub

387 1475 641 1539 eisdem
717 1474 984 1538 canistis
1059 1482 1127 1535 et
1201 1474 1478 1536 canibus
1543 1477 1713 1538 duos
1780 1496 2008 1558 cquOS,
2073 1498 2246 1540 vnus
2310 1479 2395 1542 de
2469 1480 2701 1561 predio
2767 1491 2835 1543 et
2898 1482 3069 1543 alter
3132 1494 3399 1565 emptus
3462 1504 3583 1565 pro

387 1583 613 1645 II·bus
677 1602 836 1645 mar.
884 1601 1038 1645 cum
1103 1581 1381 1654 fertone,
1446 1582 1605 1644 item
1673 1583 1926 1647 eisdem
1993 1585 2259 1648 canistis
2324 1596 2391 1648 et
2438 1587 2715 1650 canibus
2780 1608 2981 1669 super
3045 1609 3382 1670 expensas
3428 1611 3582 1653 cum

389 1711 544 1753 meo
591 1700 848 1752 astante
897 1690 1057 1751 alias
1119 1709 1153 1751 s
1203 1687 1636 1772 przzssvtawem,
1707 1691 1862 1774 quia
1927 1691 2089 1755 alias
2153 1693 2248 1755 eis
2313 1715 2646 1776 expensas
2710 1697 3084 1764 necessaria
3130 1698 3291 1761 dare
3355 1700 3585 1763 nolue-

388 1808 560 1866 runt.
609 1797 718 1878 I¹l2
777 1817 938 1860 mar.

1809 2051 2174 2148 (1419).

608 2228 926 2312 Sequitur
989 2229 1119 2292 alia
1183 2230 1537 2313 expedicio
1602 2233 1968 2294 eorundem
2035 2233 2439 2298 canistarum
2508 2247 2575 2296 et
2640 2257 2881 2298 canum
2946 2236 3011 2298 in
3080 2235 3348 2300 Iz'edlna
3411 2257 3589 2300 anno

394 2337 581 2400 XIX
628 2346 704 2399 ut
748 2356 968 2418 supra,
1017 2347 1170 2420 post
1215 2337 1620 2420 Epyfaniam
1688 2349 1755 2402 et
1801 2339 2017 2421 primo
2083 2341 2168 2403 de
2215 2339 2731 2406 Proschowz'cze:
2796 2344 2957 2406 item
3023 2344 3303 2406 Iohanni
3368 2342 3589 2408 Czech

395 2445 470 2506 X
516 2445 710 2506 vlnas
756 2445 960 2526 panni
1023 2465 1145 2526 per
1193 2461 1290 2524 40r
1343 2467 1442 2529 gr.
1500 2445 1652 2508 XX
1697 2467 1786 2510 sc.
1851 2447 2012 2510 item
2078 2468 2201 2530 pro
2267 2449 2493 2531 iopula
2558 2450 2775 2513 eidem
2842 2451 2985 2513 XII
3052 2461 3213 2514 scot.
3260 2450 3420 2513 item
3468 2471 3589 2533 pro

395 2552 658 2635 pellicio
706 2553 780 2614 X
827 2564 989 2615 scot.
1054 2552 1211 2615 item
1279 2554 1441 2635 (pro)
1507 2554 1838 2636 cyrotecis
1887 2555 1951 2616 II
2001 2576 2099 2638 gr.
2166 2556 2326 2618 item
2391 2577 2513 2640 pro
2577 2558 2789 2620 ocreis
2846 2557 2919 2619 X
2967 2578 3065 2641 gr.
3130 2558 3291 2620 item
3336 2557 3589 2621 famulo

397 2661 698 2723 eiusdem
747 2660 1062 2723 Iohannis
1109 2657 1364 2724 Czech:
1412 2661 1572 2724 item
1622 2661 1722 2723 VI
1772 2662 1966 2725 vlnas
2012 2663 2216 2744 panni
2263 2665 2589 2726 terrestris
2619 2685 2738 2746 per
2773 2677 2909 2726 tres
2946 2686 3044 2748 gr.
3083 2665 3192 2727 IX
3222 2677 3383 2730 scot.
3430 2665 3588 2728 item

397 2789 518 2850 pro
566 2768 780 2831 ocreis
827 2778 896 2831 et
941 2768 1220 2852 capucio
1267 2789 1391 2851 pro
1437 2770 1700 2834 duabus
1764 2769 1938 2832 vlnis
1985 2771 2188 2852 panni
2234 2771 2564 2833 terrestris
2609 2770 2955 2843 fertonem,
3022 2773 3181 2834 item
3228 2792 3352 2854 pro
3398 2793 3591 2855 cyro-

396 2877 562 2942 tecis
609 2877 824 2940 eidem
874 2875 1126 2938 famulo
1174 2876 1243 2939 II
1290 2897 1388 2961 gr.
1453 2877 1613 2940 item
1670 2894 1794 2958 pro
1839 2879 2104 2940 duabus
2167 2877 2364 2950 sellis,
2431 2879 2587 2961 quia
2632 2881 2834 2942 sellas
2881 2901 3015 2943 non
3063 2881 3437 2944 habuerunt
3484 2900 3592 2944 ca-

397 2986 586 3060 niste‚
633 2984 743 3047 IX
779 2995 944 3048 scot.

612 3091 896 3156 Summa
941 3091 1138 3154 huius
1182 3091 1342 3155 facit
1388 3090 1557 3154 VIII
1605 3112 1767 3155 mar.
1815 3091 1888 3154 X
1937 3103 2099 3155 scot.

614 3201 786 3264 Item
833 3199 1162 3282 Byalconi
1211 3199 1382 3261 VIII
1429 3201 1622 3262 vlnas
1667 3201 1872 3282 panni
1920 3222 2041 3282 per
2085 3213 2376 3284 quatuor
2422 3223 2521 3287 gr.
2570 3203 2749 3265 XVI
2786 3213 2946 3266 scot.
2992 3205 3154 3267 item
3204 3225 3325 3287 pro
3372 3205 3597 3286 iopula

401 3311 619 3374 eidem
667 3308 994 3392 Byalconi
1043 3308 1186 3370 XII
1233 3317 1395 3371 scot.
1453 3307 1610 3391 quia
1654 3319 1808 3389 post
1851 3308 2096 3371 festum
2147 3309 2379 3374 Crucis
2426 3311 2649 3393 iopule
2696 3311 2791 3373 eis
2837 3331 2973 3374 non
3020 3312 3389 3386 dabantur;
3436 3313 3595 3374 item

401 3438 523 3500 pro
568 3415 832 3498 pellicio
879 3415 953 3477 X
999 3424 1161 3478 scot.
1228 3415 1386 3478 item
1434 3435 1557 3497 pro
1602 3416 1934 3498 cyrotecis
1981 3417 2048 3479 II
2097 3438 2195 3501 gr.
2262 3418 2420 3481 item
2486 3439 2607 3500 pro
2648 3418 2887 3483 ocreis
2932 3418 3105 3480 VIII
3152 3440 3247 3503 gr.
3298 3419 3455 3482 item
3502 3419 3597 3482 fa-

401 3527 586 3588 mulo
653 3524 950 3586 eiusdem
1019 3523 1382 3606 Byalconis
1445 3544 1567 3605 pro
1635 3523 1858 3587 tunica
1924 3534 1993 3586 et
2049 3545 2170 3607 pro
2236 3527 2514 3607 capucio
2563 3525 2733 3588 VIII
2780 3527 2973 3590 vlnas
3019 3527 3223 3609 panni
3268 3528 3598 3590 terrestris

403 3653 525 3717 per
570 3632 674 3696 III
722 3653 822 3716 gr.
869 3630 1091 3694 media
1137 3650 1300 3694 mar.
1344 3631 1507 3693 item
1555 3650 1679 3712 pro
1727 3632 2058 3715 cyrotecis
2103 3632 2357 3697 famulo
2404 3633 2622 3697 eidem
2671 3634 2737 3697 II
2786 3655 2885 3718 gr.

617 3741 788 3802 Item
856 3738 1138 3801 Koczeli
1203 3757 1405 3800 canes
1468 3737 1702 3801 kurcze
1764 3738 2036 3812 fouenti,
2104 3760 2225 3822 pro
2276 3740 2447 3803 VIII
2511 3741 2685 3804 vlnis
2748 3743 2952 3824 panni
2998 3763 3117 3823 per
3164 3753 3453 3824 quatuor
3499 3763 3597 3826 gr.

403 3848 583 3912 XVI
629 3867 718 3910 sc.
784 3847 942 3908 item
997 3866 1120 3928 pro
1183 3846 1406 3928 iopula
1473 3846 1690 3909 eidem
1757 3843 2021 3910 Cocz⁸eli
2066 3847 2202 3909 VII
2267 3859 2429 3911 scot.
2494 3849 2653 3912 item
2721 3870 2843 3931 pro
2908 3850 3169 3932 pellicio
3218 3849 3389 3912 VIII
3436 3861 3598 3913 scot.

402 3959 564 4019 item
615 3975 736 4038 pro
783 3954 996 4017 ocreis
1043 3954 1260 4016 eidem
1291 3953 1462 4016 VIII
1511 3974 1611 4037 gr.
1650 3953 1811 4016 item
1852 3974 1972 4036 pro
2003 3955 2334 4037 cyrotecis
2379 3955 2446 4017 II
2494 3977 2593 4040 gr.
2640 3957 2800 4019 item
2839 3977 3041 4039 super
3084 3977 3419 4038 expensas
3469 3977 3601 4020 vna

405 4086 557 4128 cum
605 4063 764 4145 ipsis
810 4061 1051 4126 astanti
1099 4062 1261 4124 alias
1305 4081 1338 4122 s
1371 4060 1806 4144 ρνετζςίατυεφη,
1873 4063 2187 4125 videlicet
2233 4061 2680 4136 Wanczslaw‚
2730 4085 2891 4127 mar.
2954 4064 3115 4127 item
3165 4085 3288 4147 pro
3335 4066 3600 4127 duobus

405 4173 614 4254 equis,
660 4171 816 4254 quia
861 4170 926 4234 in
975 4169 1197 4232 alodio
1244 4189 1379 4232 non
1427 4168 1693 4230 fuerunt
1741 4180 1807 4231 ct
1854 4169 2124 4238 fuerunt
2171 4171 2511 4245 destructi,
2558 4171 2659 4233 IV
2676 4171 2737 4253 ²l2
2796 4193 2957 4235 mar.

621 4277 938 4360 Sequitur
984 4277 1335 4360 expedicio
1383 4297 1625 4340 canum
1661 4275 2010 4360 yelyenz‘clz
2058 4280 2142 4341 de
2190 4277 2685 4362 Nyepolomz'cze
2719 4280 2785 4341 in
2826 4279 3089 4342 Yedlna
3125 4299 3303 4342 anno
3342 4281 3601 4344 eodem.

621 4387 792 4449 Item
839 4386 1116 4448 Iohanni
1166 4395 1233 4447 et
1279 4385 1611 4448 Danilowi
1668 4384 1912 4448 ibidem
1963 4384 2027 4447 in
2077 4384 2572 4470 Nyepolomz'cze
2616 4387 3003 4461 iacentibu5‚
3051 4387 3323 4451 cuilibet
3366 4407 3599 4449 eorum

405 4516 527 4579 per
571 4505 724 4557 octo
769 4495 964 4556 vlnas
1010 4493 1213 4575 panni
1269 4493 1615 4568 terrestriS,
1681 4495 1906 4557 dando
1953 4512 2075 4574 per
2122 4503 2413 4574 quatuor
2457 4514 2555 4576 gr.
2608 4514 2765 4557 mar.
2813 4515 2966 4556 cum
3016 4493 3187 4556 VIII
3234 4504 3395 4557 scot.
3441 4494 3601 4556 item

405 4624 528 4686 pro
573 4601 813 4683 iopulis
859 4601 1109 4662 eisdem
1159 4620 1317 4662 mar.
1365 4601 1520 4662 item
1572 4621 1692 4682 pro
1740 4600 2017 4683 pellicijs
2065 4600 2209 4662 XV
2256 4610 2419 4662 scot.
2466 4601 2625 4663 item
2674 4621 2796 4683 pro
2844 4601 3055 4664 ocreis
3103 4601 3246 4663 XV
3295 4621 3395 4684 gr.
3440 4602 3601 4664 item

405 4732 528 4794 pro
576 4709 908 4792 cyrotecis
955 4708 1205 4770 eisdem
1255 4707 1320 4769 II
1368 4718 1530 4770 scot.
1579 4709 1734 4769 item
1785 4729 1906 4789 pro
1954 4710 2219 4771 duobus
2273 4709 2618 4770 wehiculis
2664 4710 2829 4770 alias
2871 4708 3037 4771 sani
3089 4711 3173 4771 ad
3222 4711 3602 4772 conducen-

404 4821 566 4882 dum
615 4801 749 4880 duo
796 4816 973 4879 recia
1019 4816 1082 4878 in
1131 4813 1410 4898 Iedlyna
1457 4834 1612 4877 cum
1660 4836 1891 4878 eorum
1939 4816 2252 4878 omnibus
2300 4815 2689 4898 attinencijS,
2737 4816 3053 4880 videlicet
3090 4817 3334 4897 sportis
3382 4816 3603 4878 media

407 4947 566 4988 mar.
615 4925 774 4987 item
821 4944 944 5006 pro
991 4922 1505 5004 cooperimentis
1550 4923 1714 4984 alias
1766 4921 2017 5006 palubi
2050 4933 2339 5005 quatuor
2386 4943 2484 5006 gr.
2550 4924 2710 4985 item
2774 4943 2898 5004 pro
2945 4923 3261 5005 expensis
3327 4922 3599 4993 eisdem,

408 5033 564 5116 quia
607 5032 912 5114 specialis
960 5031 1241 5093 nuncius
1290 5077 1614 5094 ......
1670 5031 1846 5092 circa
1891 5030 2071 5111 ipsos
2117 5031 2323 5092 debet
2367 5039 2643 5112 propter
2705 5030 3207 5093 recusacionem
3274 5050 3601 5112 expensa-

405 5161 554 5203 rum
604 5139 670 5201 in
718 5137 1116 5212 ciuitatibuS,
1179 5137 1494 5200 videlicet
1559 5137 1914 5200 Pschonka
1979 5149 2046 5199 et
2100 5137 2598 5218 adpediendum
2648 5139 2721 5218 (s)
2770 5139 3023 5200 eisdem
3084 5135 3399 5221 podwod22
3466 5149 3605 5200 tres

405 5247 721 5311 fertones,

621 5352 940 5437 Sequitur
986 5354 1116 5416 alia
1161 5353 1516 5436 expedicio
1562 5353 1966 5416 canistarum
2034 5372 2188 5415 eum
2237 5353 2516 5415 canibus
2581 5353 3199 5416 Mediolanensibus
3246 5363 3314 5416 et
3361 5352 3603 5416 vrsinis

405 5463 570 5525 alias
616 5460 866 5534 kurcze,
915 5481 1093 5524 anno
1141 5461 1414 5524 Domini
1470 5458 2038 5533 M⁰CCCC⁰XIX‚
2105 5459 2172 5522 in
2221 5458 2661 5524 Radosclzz'cze
2706 5471 2861 5523 ante
2908 5459 3153 5522 festum
3200 5460 3381 5524 beati
3430 5460 3604 5522 Lau-

404 5569 610 5653 rencij
659 5571 744 5632 de
793 5567 1277 5632 Proschowz‘cze.
1371 5570 1538 5631 Item
1607 5590 1728 5652 pro
1795 5589 1990 5632 curru
2057 5569 2312 5634 eisdem
2380 5569 2651 5631 canistis
2716 5589 2869 5630 cum
2927 5569 3104 5631 redis
3150 5579 3218 5630 et
3266 5568 3410 5651 alijs
3456 5567 3602 5629 atti-
