4592 6559
1038 508 1419 574 REJESTRA
1467 509 2060 559 PonsKARBIEeo
2107 510 2443 561 HINCZKI.
2502 517 2685 578 1393,
2743 519 2925 579 1394.
3464 521 3580 582 155

375 710 534 773 item
580 709 743 772 feria
788 710 1084 774 secunda
1128 721 1282 793 post
1327 710 1728 775 dominicam
1776 711 2068 777 Domine
2114 712 2180 775 in
2229 723 2345 776 tua
2393 713 2841 779 misericordia
2908 716 2965 797 (2
2977 716 3109 799 216)
3175 736 3215 778 a
3280 714 3579 797 predicto

377 817 580 882 Petro
627 816 816 881 Bork
864 818 1234 882 monetario
1283 818 1566 883 CXXX
1615 839 1814 883 marc.

1798 1065 2164 1169 (1393)

381 1249 511 1313 Hic
558 1261 660 1312 est
705 1248 838 1313 alia
881 1258 1200 1331 percepta
1245 1247 1680 1331 pecuniarum
1727 1248 1812 1310 de
1859 1246 2058 1311 variis
2103 1247 2266 1311 locis
2313 1259 2381 1311 et
2420 1249 2721 1313 aduersis
2755 1248 3060 1331 personis
3094 1268 3275 1313 anno
3312 1260 3386 1313 ut
3430 1270 3577 1333 pre-

743 1356 1038 1431 mittitur,
1085 1356 1308 1430 tercio,
1355 1354 1566 1419 eciam
1612 1354 1932 1438 zuppario
1977 1365 2046 1419 et
2091 1356 2477 1421 monetariis
2522 1357 2855 1421 duntaxat
2901 1356 3217 1440 exceptis

593 1464 878 1529 Summa
925 1462 1384 1529 VICXXXII
1429 1482 1631 1527 marc.

590 1573 762 1636 Item
809 1570 974 1635 feria
1018 1580 1216 1636 sexta
1261 1580 1420 1635 ante
1467 1571 1646 1634 diem
1693 1591 1742 1634 5.
1791 1570 2044 1635 Mathei
2090 1571 2425 1654 appostoli
2463 1571 2667 1653 (19s9)
2714 1594 2755 1634 a
2794 1572 3114 1652 Jasszone
3152 1572 3477 1637 Rutheno
3515 1571 3581 1634 in

379 1678 801 1744 Debrestam'
834 1680 1101 1743 racione
1137 1675 1554 1763 podz'mctlmz‘
1585 1679 1904 1741 thezauro
1950 1678 2026 1742 X
2072 1698 2273 1742 marc.

383 1789 538 1852 item
587 1787 753 1851 feria
799 1786 900 1849 VI
945 1786 1259 1869 proxima
1303 1797 1457 1869 post
1504 1786 1616 1851 XI
1663 1786 1850 1849 Milia
1903 1786 2234 1871 virginum
2284 1785 2531 1868 (24l10)
2598 1808 2639 1849 a
2704 1787 2841 1850 dno
2888 1786 3235 1850 Clemente
3280 1785 3585 1850 vicecan-

385 1894 652 1958 cellario
701 1894 894 1979 regni
941 1893 1221 1957 Polonie
1269 1894 1354 1957 de
1399 1893 1740 1975 peccuniis
1785 1893 2304 1957 contribucionis
2349 1894 2597 1977 regalis
2643 1893 2812 1956 VIII
2859 1912 3063 1957 mare.

381 2002 538 2065 item
584 2001 750 2067 feria
793 2000 900 2065 VI
943 2001 1010 2063 in
1058 1999 1287 2085 vigilia
1334 1999 1652 2064 Omnium
1703 2000 2108 2064 Sanctorum
2157 2000 2405 2085 (31s10)
2452 2002 2537 2063 ab
2587 2000 2827 2063 eodem
2874 2000 3027 2065 XX
3074 2020 3274 2064 marc.

381 2112 540 2173 item
588 2108 754 2172 feria
797 2108 900 2171 VI
949 2108 1074 2190 (5s1
1092 2108 1150 2189 2)
1196 2107 1262 2171 in
1310 2107 1539 2192 vigilia
1586 2108 1658 2190 (5)
1697 2107 2179 2190 Concepcionis
2233 2130 2283 2171 S.
2332 2108 2546 2174 Marie
2611 2130 2652 2171 a
2716 2108 2854 2170 dno
2918 2108 3155 2172 Marco
3218 2108 3588 2190 presbitero

385 2220 472 2282 de
540 2214 902 2302 W'yslz'czia,
952 2212 1458 2279 vicecollectore
1505 2215 1886 2279 exaccionis
1934 2215 2182 2299 regalis
2237 2226 2415 2278 terre
2479 2214 3043 2279 Sandomiriensis
3088 2214 3337 2279 XVIII
3386 2236 3586 2279 marc.

385 2328 542 2390 item
591 2324 755 2388 feria
799 2324 901 2387 VI
949 2324 1014 2386 in
1063 2323 1354 2387 crastino
1400 2322 1782 2387 Nativitatis
1828 2322 2069 2387 Christi
2116 2322 2173 2403 (2
2185 2323 2288 2407 6l1
2308 2324 2364 2404 2)
2430 2343 2472 2385 a
2518 2322 2817 2405 predicto
2864 2322 3000 2385 dno
3046 2322 3283 2389 Marco
3331 2342 3449 2405 per
3494 2322 3589 2385 fa-

387 2433 712 2497 miliarem
759 2430 1011 2495 dictum
1058 2428 1332 2513 Chrapp
1378 2429 1441 2493 in
1491 2428 1756 2494 Radom
1802 2430 1954 2493 XX
2001 2450 2202 2494 marc.

388 2541 544 2603 item
591 2539 755 2603 feria
799 2539 902 2601 111
948 2538 1015 2602 in
1063 2536 1292 2622 vigilia
1337 2559 1386 2601 5.
1434 2536 1744 2601 Silvestri
1791 2537 2038 2621 (3os12)
2087 2559 2128 2601 a
2173 2539 2311 2600 dno
2359 2536 2997 2619 Gosczisschowsky
3044 2535 3384 2621 terrigena
3420 2534 3588 2601 San-

388 2646 769 2713 domiriensi
816 2646 1061 2709 ibidem
1101 2646 1166 2709 in
1214 2644 1480 2709 Radom
1525 2648 1613 2709 ad
1659 2647 2048 2710 thezaurum
2098 2645 2163 2707 V
2211 2665 2413 2709 marc.

388 2757 546 2820 item
594 2756 832 2819 eodem
881 2754 991 2817 die
1037 2774 1079 2818 a
1124 2754 1260 2817 dno
1307 2752 1640 2819 Petrassio
1688 2753 2200 2836 Podlodowsky
2246 2752 2315 2815 in
2366 2752 2619 2837 grossis
2665 2752 2814 2817 latis
2858 2752 3011 2815 XX
3058 2772 3259 2816 marc.

388 2864 544 2927 item
591 2863 680 2927 ab
725 2863 965 2925 eodem
1015 2862 1350 2925 Petrassio
1397 2861 1462 2925 in
1512 2860 1758 2944 parwis
1801 2860 2090 2924 denariis
2134 2861 2209 2924 X
2259 2881 2459 2925 mare.

599 2970 886 3035 Summa
931 2969 1098 3035 CXI
1144 2990 1345 3034 mare.

605 3079 776 3142 Item
825 3078 988 3141 feria
1033 3077 1135 3140 IV
1181 3078 1247 3140 in
1296 3077 1524 3162 vigilia
1571 3076 2106 3143 Circumcisionis
2152 3076 2429 3141 Domini
2476 3078 2494 3156 (
2500 3098 2533 3157 3
2552 3077 2723 3159 1s12)
2769 3096 2811 3139 a
2855 3076 2993 3139 dno
3039 3076 3384 3140 Clemente
3420 3075 3595 3137 vice·

391 3186 788 3251 cancellario
833 3187 919 3250 ad
965 3187 1355 3249 thezaurum
1403 3186 1634 3269 regale
1679 3185 1926 3249 ibidem
1993 3186 2057 3247 in
2117 3182 2382 3249 Radom
2427 3180 2761 3247 XXXVI
2808 3204 3007 3247 mare.

388 3295 546 3359 item
593 3295 833 3358 eodem
879 3294 988 3357 die
1036 3314 1078 3357 a
1122 3294 1259 3357 dno
1304 3292 1637 3375 Spitkone
1682 3293 1982 3376 palatino
2029 3301 2098 3357 et
2144 3292 2496 3375 capitaneo
2543 3290 2973 3357 Cracouiensi
3017 3291 3163 3355 XII
3210 3311 3413 3355 marc.

1815 3538 2182 3643 (1394)

600 3726 772 3787 Item
819 3722 983 3789 feria
1028 3722 1095 3785 V
1139 3722 1285 3805 ipso
1331 3721 1438 3784 die
1485 3719 2020 3786 Circumcisionis
2074 3720 2349 3783 Domini
2404 3721 2455 3801 (1
2466 3721 2499 3804 s
2509 3722 2561 3801 1)
2617 3741 2658 3782 a
2712 3719 3014 3803 predicto
3070 3721 3207 3783 dno
3252 3718 3585 3802 Spitkone

388 3833 634 3897 ibidem
673 3831 740 3895 in
786 3828 1051 3894 Radom
1096 3829 1162 3892 in
1210 3827 1496 3892 denariis
1541 3827 1609 3889 V
1657 3847 1857 3891 mare.

387 3941 544 4005 item
593 3961 634 4003 a
667 3939 816 4030 ‚dno
862 3937 1210 4002 Clemente
1255 3935 1804 4001 vicecancellario
1850 3918 2096 3999 ibidem
2143 3934 2211 3998 in
2259 3933 2523 3999 Radom
2570 3934 2645 3998 X
2691 3954 2891 3998 marc.

386 4036 546 4113 item
591 4047 756 4111 feria
801 4047 869 4111 Π
915 4046 982 4109 in
1029 4046 1321 4111 crastino
1367 4065 1419 4108 5.
1466 4044 1657 4109 Pauli
1702 4043 2172 4109 Conuersionis
2217 4043 2274 4125 (2
2285 4042 2421 4126 6s1)
2485 4062 2529 4105 a
2592 4043 2729 4105 dno
2794 4042 3031 4106 Marco
3078 4042 3589 4105 vicecolleetore

388 4166 562 4221 terre
607 4153 1167 4221 Sandomiriensis
1211 4152 1594 4217 exaccionis
1640 4151 1888 4236 regalis
1951 4172 2072 4233 per
2133 4150 2527 4214 familiarem
2592 4150 2845 4213 dictum
2892 4148 3113 4231 Chal-p
3176 4149 3323 4212 XII
3386 4170 3588 4213 mare.

387 4266 546 4328 item
593 4264 700 4327 die
747 4262 1083 4327 dominico
1129 4260 1331 4326 Oculi
1376 4261 1434 4341 (2
1447 4282 1477 4323 2
1485 4260 1579 4345 s3)
1629 4280 1670 4323 a
1716 4258 2102 4323 consulibus
2139 4256 2695 4322 Cracouiensibus
2750 4256 2835 4319 de
2881 4256 3204 4339 peccunia
3250 4256 3591 4323 communi

391 4370 675 4437 ciuitatis
722 4369 1185 4435 Cracouiensis
1232 4368 1342 4435 CC
1390 4388 1593 4432 marc,

389 4481 546 4543 item
593 4488 910 4562 percepta
951 4477 1272 4561 peccunie
1319 4479 1407 4540 de
1452 4476 1686 4559 zuppis
1729 4476 1796 4538 in
1845 4474 2084 4539 eodem
2133 4495 2312 4537 anno
2377 4494 2418 4537 a
2463 4473 2875 4557 Woyncone
2921 4472 3237 4555 zuppario
3290 4470 3591 4554 predicto

390 4587 497 4651 die
543 4584 1076 4653 Circumcisionis
1119 4584 1394 4648 Domini
1440 4586 1597 4669 (1s1)
1645 4604 1765 4665 per
1811 4581 2177 4645 Martinam
2225 4581 2620 4645 familiarem
2679 4590 2749 4644 et
2792 4578 3213 4665 sagittarium
3260 4598 3476 4662 zuppe
3522 4578 3589 4641 in

389 4692 654 4759 Radom
699 4693 834 4758 XL
879 4714 1080 4757 marc.

601 4802 889 4867 Summa
933 4800 1247 4866 CCCXV
1295 4821 1495 4865 marc,

602 4910 774 4975 Item
821 4909 985 4973 feria
1030 4909 1098 4971 II
1143 4918 1301 4972 ante
1346 4907 1873 4973 Conuersionern
1919 4927 1970 4969 5.
2017 4904 2208 4969 Pauli
2256 4903 2459 4988 (19s1)
2504 4904 2573 4967 II
2619 4923 2818 4967 marc.

389 5020 549 5084 item
595 5018 758 5082 feria
803 5017 906 5080 III
952 5017 1100 5100 ipso
1145 5016 1252 5080 die
1297 5037 1346 5080 5.
1393 5014 1736 5080 Valentini
1781 5011 1984 5096 (14s2)
2011 5012 2052 5094 ¹)
2099 5013 2260 5077 dum
2309 5014 2483 5075 dnus
2532 5012 2696 5075 Rex
2731 5010 2855 5075 fuit
2890 5010 2957 5073 in
2996 5006 3451 5094 Nepolomicze
3487 5006 3590 5071 IV

391 5147 592 5191 marc.
638 5125 860 5190 XXII
875 5124 940 5207 Ἰ,
996 5144 1100 5204 sc..

392 5236 546 5298 item
595 5234 758 5297 feria
804 5232 871 5295 V
917 5231 1227 5315 proxima
1272 5252 1314 5295 a
1357 5229 1676 5313 zuppario
1721 5250 1844 5313 per
1888 5227 2367 5293 Mroszkonem
2414 5226 2743 5291 notarium
2790 5224 3088 5289 thezauri
3134 5223 3201 5286 V
3250 5243 3448 5287 marc.

391 5344 548 5406 item
597 5362 638 5405 a
683 5340 884 5404 Petro
931 5339 1122 5403 Bork
1167 5349 1235 5402 et
1282 5338 1606 5423 magistro
1651 5337 1977 5401 Monaldo
2023 5335 2400 5402 CLXXXI
2447 5355 2647 5398 marc.

393 5451 550 5513 item
596 5448 758 5512 feria
804 5447 905 5511 IV
952 5447 1098 5530 ipso
1144 5446 1252 5511 die
1295 5466 1347 5511 5.
1395 5445 1712 5509 Iohannis
1755 5446 1938 5528 bapt.
1984 5466 2026 5509 a
2070 5442 2386 5527 predictis
2432 5441 2679 5507 CCXL
2724 5461 2924 5505 marc,

609 5680 644 5745 1)
673 5684 833 5748 Jestto
870 5681 1054 5747 mylka,
1092 5681 1234 5731 dzieii
1272 5680 1485 5730 bowiem
1524 5682 1614 5729 ἐν.
1655 5678 1951 5745 Walentego
1986 5676 2255 5743 przypadal
2291 5692 2339 5725 w
2368 5692 2405 5725 r.
2444 5686 2575 5739 1394
2614 5676 2691 5725 nie
2728 5690 2791 5725 na
2828 5672 3033 5733 wtorek,
3073 5673 3171 5723 lecz
3209 5688 3273 5723 na
3309 5673 3497 5735 sobote.
