4592 6559
634 522 1013 586 REJESTRA
1057 507 1483 582 wATROBm
1529 520 2190 583 meKORzADZCY
2235 519 2897 570 KRAKOWSKIEGo.
2955 528 3137 587 1419,
3196 526 3378 584 1420.
3483 509 3601 584 561

411 721 570 784 item
611 741 734 804 pro
769 722 1008 796 butirO,
1054 723 1192 785 olla
1239 722 1302 784 V
1351 742 1450 806 gr.
1515 724 1672 784 item
1743 723 1906 802 (pro)
1970 721 2151 783 milio
2216 731 2284 782 et
2349 720 2562 784 caseis
2625 729 2761 783 tres
2808 740 2906 802 gr.
2953 721 3115 782 item
3162 739 3285 782 vas
3332 719 3612 782 ceruisie

411 849 534 911 pro
581 829 829 912 paratis
876 831 1180 912 pecunijs
1225 839 1706 912 comparatum,
1753 849 1914 890 mar.
1965 827 2186 890 minus
2223 836 2515 910 quatuor
2552 847 2653 911 gr.

627 937 684 1000 F
686 937 824 1000 eria
888 937 1122 1021 quinta
1187 938 1403 1000 eidem
1472 936 1745 999 domino
1811 937 1899 999 ad
1962 936 2318 1017 prandium
2368 945 2435 998 et
2481 936 2565 997 ad
2614 954 2885 1024 cenam:
2950 935 3111 997 item
3158 955 3282 1016 pro
3329 934 3613 1017 quartali

413 1044 711 1109 carnium
759 1045 870 1108 XI
918 1065 1016 1129 gr.
1063 1046 1224 1108 item
1271 1065 1395 1127 pro
1453 1057 1607 1107 octo
1653 1044 1851 1126 pullis
1897 1064 2019 1126 per
2063 1041 2244 1104 XVI
2291 1044 2517 1106 denar.
2564 1041 2702 1104 VII
2750 1063 2848 1125 gr.
2896 1040 2964 1103 II
3010 1044 3237 1104 denar.
3283 1041 3443 1104 item
3488 1061 3614 1123 pro

412 1152 572 1234 pisis
620 1161 686 1214 et
733 1152 914 1215 milio
961 1161 1097 1215 tres
1144 1172 1243 1235 gr.
1289 1152 1451 1214 item
1498 1172 1622 1234 pro
1668 1151 1925 1214 lardine
1971 1150 2004 1212 Ι
2050 1159 2214 1214 scot.

627 1259 824 1338 Feria
868 1269 1064 1322 sexta
1111 1259 1331 1322 eidem
1395 1259 1671 1322 domino
1739 1257 2083 1321 Calisiensi
2129 1258 2217 1320 ad
2263 1255 2653 1339 prandium:
2717 1255 2879 1320 item
2927 1276 3052 1338 pro
3096 1255 3395 1338 piscibus
3440 1253 3612 1316 VIII

413 1376 576 1430 scot.
623 1366 782 1429 item
830 1386 954 1448 pro
999 1365 1272 1441 semine,
1320 1386 1675 1448 papauere,
1737 1376 2040 1439 anenata,
2087 1363 2254 1446 pi50,
2320 1363 2503 1426 milio
2550 1373 2688 1426 tres
2734 1383 2832 1447 gr.
2897 1363 3060 1424 item
3110 1383 3231 1445 pro
3279 1361 3614 1446 angwillis

414 1483 703 1556 quatuor
749 1495 847 1557 gr.
892 1474 1054 1537 item
1103 1494 1312 1536 vnum
1359 1494 1484 1536 vas
1529 1473 1810 1536 ceruisie
1857 1493 1982 1554 pro
2029 1472 2277 1554 paratis
2325 1479 2647 1553 emptum,
2694 1490 2857 1533 mar.
2905 1471 3125 1532 minus
3170 1469 3241 1532 II
3286 1478 3451 1532 scot.

629 1580 916 1645 Summa
956 1581 1152 1645 huius
1197 1581 1413 1645 tocius
1458 1579 1620 1643 facit
1664 1579 2154 1666 quinquaginta
2197 1598 2408 1642 vnam
2455 1597 2621 1640 mar.
2665 1577 2803 1639 VII
2852 1597 2951 1661 gr.
2999 1577 3068 1640 II
3114 1579 3339 1640 denar.

639 5811 928 5854 Heumann
953 5809 1090 5852 modii
1118 5809 1233 5852 oevi.
1264 5808 1314 5850 1⁸.
1342 5805 1438 5851 XV.
3346 5782 3407 5834 71
