4592 6559
1217 531 1598 600 REJESTRA
1645 529 2235 584 PonsKARmEGo
2283 531 2619 586 amezm.
2676 537 2861 601 1394.
3510 538 3637 604 209

435 732 592 794 item
640 731 804 796 feria
852 733 917 796 ΙΙ
965 733 1274 815 proxima
1323 735 1462 818 (19l
1475 737 1570 815 ιο)
1617 755 1741 818 pro
1788 735 1855 796 V
1900 734 2106 798 frenis
2153 747 2218 797 et
2265 743 2591 817 apparatu
2642 736 2959 798 sellarum
2996 735 3323 820 regalium
3366 735 3398 798 I
3436 756 3638 800 marc.

435 838 541 901 IX
587 860 678 904 sc.

433 947 592 1010 item
641 948 926 1011 sabbato
973 948 1284 1031 proxime
1330 949 1636 1033 sequenti
1685 949 1930 1033 (24l10)
1995 970 2119 1033 pro
2165 950 2198 1012 I
2244 949 2462 1013 forma
2506 951 2735 1034 lignea
2802 951 2889 1015 ad
2954 951 3327 1034 parandum
3384 949 3639 1013 lumina

432 1073 638 1137 sepea
680 1052 856 1116 VIII
904 1076 1002 1138 gr.

432 1161 590 1224 item
635 1162 928 1240 Jarando
974 1161 1278 1225 familiari
1324 1163 1440 1226 dni
1490 1162 1713 1247 Regis
1760 1163 1846 1227 ad
1893 1183 2132 1226 vocem
2181 1164 2325 1227 eius
2370 1164 2403 1227 I
2453 1183 2651 1227 mare.

431 1268 589 1331 item
639 1267 889 1332 Miscze
937 1269 1118 1332 socio
1165 1270 1463 1333 thezauri
1511 1271 1760 1355 regalis
1807 1291 1959 1332 cum
2008 1271 2202 1334 litera
2260 1273 2377 1334 dni
2442 1272 2664 1356 Regis
2720 1270 3113 1335 Cracouiam
3179 1271 3489 1345 venienti,
3554 1273 3642 1334 ad

435 1375 692 1439 literam
743 1376 886 1441 eius
932 1379 1233 1460 regalem
1282 1377 1386 1440 VI
1433 1398 1532 1462 gr.

433 1484 590 1547 item
643 1504 763 1566 pro
811 1484 842 1546 Ι
889 1485 1055 1547 sella
1099 1505 1280 1547 noua
1327 1494 1394 1548 et
1440 1484 1922 1548 reformacione
1989 1486 2266 1548 aliarum
2334 1487 2760 1570 antiquarum
2826 1487 3155 1570 regalium
3223 1497 3291 1551 et
3356 1487 3641 1570 cingulis

435 1611 762 1673 equorum
810 1592 920 1671 ΙΨ,
981 1610 1182 1655 marc.

433 1698 594 1761 item
641 1719 764 1781 pro
811 1699 1126 1781 expensis
1171 1698 1286 1762 dni
1334 1699 1883 1764 vicethezaurarii
1929 1720 2082 1763 cum
2131 1701 2500 1764 sartoribus
2563 1701 2908 1786 regalibus
2971 1701 3251 1764 iacendo
3318 1700 3641 1764 Cracouie

435 1807 519 1868 ad
565 1807 1037 1886 precedentem
1085 1807 1528 1888 septimanam
1577 1807 1646 1870 ΙΙ
1693 1827 1892 1872 marc,
1941 1807 2052 1872 IX
2097 1829 2186 1872 sc.
2235 1808 2267 1871 I
2316 1829 2415 1892 gr.

435 1913 592 1975 item
640 1922 958 1977 secuntur
1003 1914 1314 1996 exposita
1359 1913 1425 1976 in
1475 1914 1680 1998 Beycz
1725 1917 1811 1978 ad
1860 1917 2250 1978 mandatum
2302 1916 2417 1979 dni
2456 1915 2711 2000 Regis:
2762 1915 2965 1979 Petro
3002 1915 3261 1978 notario
3298 1915 3415 1977 dni
3453 1913 3642 1978 ducis

436 2019 720 2083 Witoldi
766 2021 853 2083 ad
901 2040 1142 2084 vocem
1190 2021 1304 2085 dni
1351 2022 1573 2106 Regis
1620 2020 1721 2083 VI
1769 2042 1972 2086 marc.

650 2126 935 2191 Summa
980 2127 1159 2191 XIV
1207 2149 1410 2194 marc.
1457 2128 1676 2191 minus
1723 2149 1982 2213 grosso·

649 2234 818 2298 Item
869 2235 1086 2298 eidem
1136 2256 1259 2318 pro
1306 2236 1547 2300 balista
1593 2255 1747 2300 cum
1794 2237 2170 2300 attinenciis
2215 2237 2463 2301 ibidem
2512 2237 2650 2301 VII
2696 2236 2841 2302 fert.

436 2342 596 2405 item
643 2363 765 2425 pro
811 2343 1257 2426 exempcione
1304 2345 1389 2408 de
1435 2344 1732 2426 hospicio
1780 2344 2085 2408 eiusdem
2135 2343 2315 2407 Petri
2364 2345 2395 2406 I
2444 2365 2643 2410 marc.

434 2450 592 2513 item
646 2449 910 2514 cuidam
960 2451 1287 2514 Rutheno
1333 2450 1682 2516 falconiste
1729 2453 1816 2515 ad
1865 2471 2104 2516 vocem
2150 2452 2266 2515 dni
2315 2452 2536 2536 Regis
2584 2453 2615 2514 I
2661 2451 2805 2516 fert.

435 2559 596 2622 item
644 2557 748 2622 III
793 2559 1148 2642 terrigenis
1195 2559 1730 2622 Dobrinensibus
1775 2561 1859 2622 ad
1907 2578 2150 2622 vocem
2200 2558 2314 2622 dni
2361 2560 2586 2644 Regis
2632 2557 2735 2622 VI
2784 2579 2984 2623 mare.

435 2666 594 2730 item
641 2686 764 2748 pro
811 2667 1161 2730 ablucione
1199 2666 1614 2739 mensalium,
1651 2667 2174 2730 manuteriorum
2216 2677 2285 2730 et
2324 2666 2829 2730 lintheaminum
2868 2677 2993 2731 etc.
3030 2665 3355 2748 regalium
3393 2665 3639 2728 ibidem

437 2773 504 2836 in
552 2773 758 2859 Beycz
801 2773 910 2836 IX
958 2794 1048 2837 sc.

437 2881 596 2944 item
644 2901 768 2964 pro
813 2881 1236 2945 licuminibus
1283 2881 1368 2944 ad
1417 2883 1717 2965 paranda
1762 2881 2014 2944 lumina
2059 2881 2309 2946 ibidem
2356 2881 2465 2944 IX
2512 2901 2603 2945 sc.

437 2987 596 3051 item
644 3008 764 3070 pro
810 2987 1249 3053 sufferacione
1315 3009 1643 3071 equorum
1702 2989 2040 3053 vectilium
2109 2999 2177 3053 et
2240 2987 2726 3054 reformacione
2788 3008 3105 3052 curruum
3171 2989 3641 3052 thezaurorum

438 3096 704 3170 ibidem,
749 3093 942 3158 fabro
987 3097 1052 3158 in
1103 3095 1310 3180 Beycz
1357 3096 1389 3159 Ι
1437 3116 1635 3160 marc.
1685 3096 1862 3161 XIV
1909 3117 1997 3161 sc.
2045 3097 2078 3160 Ι
2127 3118 2226 3182 gr.

437 3203 597 3267 item
646 3222 766 3285 pro
813 3203 881 3266 II
927 3204 1089 3267 rotis
1138 3204 1330 3268 nouis
1377 3206 1461 3268 ad
1509 3223 1744 3267 currus
1789 3207 2055 3289 regales
2101 3205 2347 3269 ibidem
2396 3205 2461 3268 in
2512 3204 2715 3289 Beycz
2761 3204 2933 3267 VIII
2981 3223 3079 3288 gr.

439 3310 597 3375 item
645 3331 766 3392 pro
813 3311 989 3375 redis
1034 3312 1228 3375 nouis
1273 3312 1358 3375 de
1405 3311 1686 3396 corrigis
1732 3322 1802 3376 et
1848 3311 2156 3394 epirediis
2201 3312 2233 3375 I
2281 3311 2427 3376 fert.

439 3417 598 3481 item
646 3438 768 3500 pro
811 3417 1102 3503 flagellis
1149 3428 1216 3480 et
1262 3418 1558 3501 ipsorum
1606 3417 1920 3484 finalibus
1965 3419 2138 3483 VIII
2186 3441 2283 3504 gr.

441 3525 599 3588 item
649 3523 818 3587 VIII
865 3523 1131 3588 famulis
1175 3526 1468 3589 thesauri
1515 3547 1640 3608 pro
1685 3527 2192 3592 subseleacione
2237 3529 2639 3602 calceorum,
2702 3526 2929 3590 dando
2976 3525 3246 3588 cuilibet
3308 3544 3430 3606 per
3476 3524 3507 3586 I
3554 3543 3645 3587 sc.

442 3642 509 3695 et
554 3630 655 3694 IV
703 3632 854 3695 den.
900 3653 1167 3697 summa
1212 3633 1322 3696 IX
1369 3653 1458 3698 sc.

656 3737 940 3802 Summa
985 3739 1130 3802 XII
1178 3760 1377 3804 marc.
1425 3739 1640 3824 V11¹J2
1700 3763 1788 3805 sc.

654 3845 826 3910 Item
875 3845 975 3908 IV
1011 3846 1507 3931 pszarczom'bus
1551 3848 1664 3912 dni
1713 3849 1934 3933 Regis
1979 3868 2102 3931 pro
2150 3850 2391 3914 calceis
2437 3849 2470 3913 Ι
2515 3848 2661 3912 fert.

441 3954 600 4017 item
648 3974 769 4037 pro
816 3954 1060 4018 calceis
1105 3953 1474 4039 Szybalcze
1522 3955 1750 4038 pistori
1798 3956 1913 4019 dni
1960 3957 2184 4042 Regis
2229 3955 2331 4020 IV
2380 3977 2479 4040 gr.

442 4061 598 4124 item
647 4081 770 4144 pro
816 4061 1174 4143 paracione
1221 4062 1648 4144 capuciorum
1687 4062 1883 4126 sociis
1928 4063 2220 4127 thesauri
2267 4063 2301 4125 I
2346 4061 2493 4127 fert.

441 4168 602 4232 item
647 4188 772 4251 pro
817 4169 1174 4251 paracione
1221 4169 1476 4252 capucii
1514 4179 1582 4232 et
1637 4170 2004 4253 caligarum
2047 4169 2459 4233 Manziconis
2497 4169 2877 4233 cubicularii
2916 4169 3031 4232 dni
3070 4167 3292 4250 Regis
3329 4168 3415 4229 ad
3454 4185 3640 4230 man·

440 4277 672 4340 datum
721 4276 929 4359 ipsius
977 4276 1080 4340 III
1128 4297 1225 4360 gr.

441 4383 602 4447 item
645 4402 770 4468 pro
817 4403 1046 4448 rasura
1090 4385 1295 4467 panni
1341 4384 1536 4449 sociis
1581 4385 1880 4449 thezauri
1926 4384 2028 4448 IV
2078 4406 2178 4470 gr.

441 4491 602 4554 item
650 4511 773 4574 pro
821 4492 1206 4576 cyrothecis
1253 4491 1503 4556 eisdem
1552 4492 1749 4556 sociis
1795 4494 2093 4558 thesauri
2139 4491 2311 4556 VIII
2360 4514 2462 4578 gr.

443 4597 602 4661 item
651 4599 918 4662 cuidam
966 4598 1255 4662 nunccio
1301 4599 1506 4663 misso
1551 4601 1638 4663 de
1687 4599 1893 4685 Beycz
1937 4599 2334 4664 Cracouiam
2384 4620 2508 4684 pro
2553 4597 2885 4684 zuppariis
2929 4598 3017 4662 ad
3056 4616 3297 4661 vocem
3344 4595 3457 4660 dni
3496 4595 3639 4658 Re-

443 4705 550 4790 gis
593 4704 766 4769 VIII
810 4726 902 4770 sc.

440 4813 602 4876 item
649 4813 1093 4879 Moscziczoni
1140 4817 1228 4878 ad
1273 4833 1514 4878 vocem
1563 4813 1678 4878 dni
1726 4814 1950 4900 Regis
1998 4813 2064 4876 V
2112 4834 2315 4880 marc.

440 4919 599 4983 item
646 4940 769 5003 pro
815 4922 1000 4985 thela
1046 4942 1286 5006 grossa
1332 4923 1420 4987 ad
1467 4940 1700 4986 saccos
1746 4932 1816 4986 et
1863 4923 1950 4986 ad
1997 4923 2490 5006 creptuchones
2535 4920 2919 4986 faciendum
2966 4919 3155 4982 XXI
3201 4938 3294 4984 sc.

440 5027 599 5090 item
647 5047 770 5109 pro
817 5029 982 5092 sella
1027 5049 1181 5093 curn
1231 5027 1604 5093 attinenciis
1651 5030 1813 5093 data
1859 5029 2220 5093 Maczkoni
2266 5029 2451 5092 socio
2497 5030 2965 5093 thezaurorum
3014 5027 3125 5090 IX
3173 5045 3269 5090 se.

441 5132 602 5198 item
650 5136 937 5200 sabbato
982 5137 1051 5199 in
1098 5136 1332 5220 vigilia
1380 5135 1702 5201 Omnium
1753 5133 2155 5200 Sanctorum
2207 5137 2264 5217 (3
2283 5158 2305 5199 1
2315 5135 2457 5219 sio)
2504 5156 2627 5219 pro
2676 5134 2995 5220 expensis
3059 5133 3175 5198 dni
3222 5133 3639 5197 vicethezau·

441 5241 594 5305 rarii
640 5262 794 5306 cum
841 5243 1210 5308 sartoribus
1255 5243 1599 5328 regalibus
1663 5243 1732 5306 in
1781 5243 2105 5308 Cracouia
2173 5245 2259 5308 ad
2324 5245 2802 5326 precedentem
2848 5239 3293 5324 septimanam
3359 5240 3392 5302 Ι
3440 5259 3640 5305 mare.

441 5348 622 5412 XVI
667 5369 760 5414 sc.
805 5349 840 5413 Ι
885 5371 984 5436 gr.

656 5455 940 5522 Summa
985 5458 1096 5521 IX
1142 5478 1343 5524 marc·
1389 5457 1491 5520 IV
1537 5477 1628 5522 sc.

659 5565 832 5629 Item
881 5565 1044 5630 feria
1089 5566 1154 5627 V
1201 5567 1268 5630 in
1317 5565 1546 5650 vigilia
1592 5585 1644 5628 s,
1692 5562 1936 5629 Cecilie
1985 5565 2154 5650 (20s1
2181 5566 2231 5648 1)
2286 5585 2409 5648 pro
2457 5563 2637 5628 XIV
2688 5563 2859 5628 vlnis
2906 5562 3109 5647 panni
3157 5561 3360 5648 grisei
3406 5562 3491 5625 ad
3538 5569 3641 5625 tu·

655 5703 697 5747 H
699 5717 866 5748 oooooo
865 5717 894 5748 n
896 5705 944 5748 ta
971 5705 1106 5748 medii
1135 5705 1248 5748 aevi.
1279 5705 1327 5747 Τ.
1357 5704 1451 5747 XV.
2814 5730 2821 5738 ·
3362 5697 3423 5748 ²7
