4592 6559
1215 497 1590 561 REJESTRA
1643 496 2230 549 PODSKARBIEGO
2278 499 2613 550 Hmczm.
2670 507 2851 567 1394.
3527 504 3651 570 2⁰3

667 697 838 760 Item
905 697 1170 759 cuidam
1236 697 1642 760 cubiculario
1706 698 1820 762 dni
1886 700 2108 784 Regis
2171 700 2351 764 dicto
2426 699 2719 785 Bogufal
2784 723 2907 784 pro
2972 703 3207 788 caligis
3271 705 3359 766 ad
3405 725 3647 768 vocem

455 803 662 884 ipsius
705 803 821 866 dni
867 804 1090 889 Regis
1149 805 1210 884 ¹l2
1271 823 1470 868 mare.
2161 867 2173 874 .

455 910 614 972 item
662 909 929 974 cuidam
955 911 1303 996 furmano
1347 913 1431 975 de
1479 912 1944 988 Wladislauia,
1992 915 2106 997 qui
2151 935 2194 977 a
2239 917 2376 979 dno
2422 916 2902 979 Thochnicone
2946 917 3395 999 subpincerna
3440 920 3655 1002 pisces

455 1028 524 1081 et
568 1017 698 1082 alia
743 1019 1121 1084 necessaria
1165 1021 1301 1081 dno
1349 1019 1536 1103 Regi
1581 1018 1976 1084 Cracouiam
2015 1023 2411 1098 adduxerat,
2458 1043 2611 1087 cum
2650 1023 2867 1086 redire
2904 1024 3134 1098 voluit,
3178 1045 3303 1107 pro
3340 1027 3657 1108 expensis

456 1125 542 1188 ad
586 1125 846 1190 literam
895 1127 1010 1189 dni
1057 1126 1278 1211 Regis
1339 1125 1402 1209 ¹l2
1459 1147 1664 1192 marc.

455 1232 613 1296 item
660 1232 824 1297 feria
869 1234 938 1297 II
984 1235 1131 1317 ipso
1196 1235 1305 1297 die
1351 1257 1403 1299 s,
1451 1236 1908 1299 Bartholomei
1957 1237 2157 1321 (24s8)
2223 1239 2362 1300 dno
2426 1237 2883 1302 Thochniconi
2945 1239 3391 1321 subpincerne
3453 1258 3657 1324 super

455 1340 606 1404 XX
651 1344 878 1406 hastas
923 1344 1012 1406 ad
1057 1342 1566 1424 expedicionem
1614 1345 1998 1408 educendas
2043 1343 2096 1408 C
2143 1364 2345 1408 mare.

453 1448 612 1511 item
659 1450 796 1512 dno
841 1449 1181 1533 Dymitrio
1228 1452 1711 1516 marschalconi
1757 1471 1958 1534 super
2004 1451 2112 1515 IX
2160 1453 2391 1516 hastas
2436 1451 2638 1515 XLV
2688 1473 2887 1516 marc.

453 1557 614 1619 item
661 1556 723 1619 N
729 1556 944 1620 icolao
992 1557 1545 1642 Zymnowodsky
1591 1559 1679 1623 ad
1723 1579 1962 1623 vocem
2010 1559 2125 1622 dni
2173 1560 2397 1644 Regis
2442 1559 2585 1623 XV
2634 1580 2835 1623 marc.

453 1664 612 1726 item
661 1664 772 1728 IX
817 1664 1014 1729 sociis
1059 1666 1356 1729 thesauri
1400 1686 1525 1748 pro
1571 1667 1828 1742 calceis,
1877 1667 2148 1731 cuilibet
2192 1687 2315 1750 per
2360 1665 2463 1730 IV
2509 1688 2608 1751 gr.
2654 1688 2919 1730 summa
2964 1667 3123 1731 facit
3177 1668 3282 1732 III
3328 1669 3471 1734 fert.

453 1772 610 1835 item
657 1771 826 1836 feria
870 1772 972 1836 IV
1019 1773 1334 1856 proxima
1381 1774 1582 1856 (26l8)
1629 1793 1753 1857 pro
1799 1773 2270 1856 comparandis
2320 1774 2635 1856 expensis
2700 1777 2833 1838 dne
2882 1775 3155 1859 Regine
3200 1776 3267 1839 in
3317 1777 3516 1840 Noua
3562 1777 3651 1841 ci-

453 1881 661 1943 uitate
706 1881 796 1943 ad
841 1880 1020 1944 viam
1071 1880 1375 1944 Plichcze
1420 1879 1725 1945 familiari
1772 1881 1886 1944 dni
1925 1881 2226 1962 Jacussii,
2264 1882 2568 1966 magistri
2606 1882 2911 1965 coquine,
2956 1883 3044 1946 ad
3082 1903 3321 1946 vocem
3359 1884 3475 1947 dni
3513 1885 3653 1948 Re·

453 1987 558 2071 gis
604 1988 672 2051 11
719 2007 922 2052 marc.

451 2094 610 2158 item
659 2095 1066 2159 Hannusoni
1112 2095 1522 2160 cubiculario
1569 2096 1683 2159 dni
1730 2095 1950 2180 Regis
1997 2099 2084 2160 ad
2131 2096 2657 2179 dispensandum
2704 2097 2769 2159 in
2820 2097 2929 2159 via
2976 2097 3126 2160 XX
3174 2117 3375 2160 mare.

450 2203 608 2265 item
657 2223 782 2284 pro
829 2203 930 2266 IV
977 2204 1162 2266 libris
1209 2203 1511 2286 cynobrii
1558 2205 1645 2266 ad
1692 2202 2200 2288 depingendum
2265 2203 2613 2267 ecclesiam
2663 2226 2715 2268 s,
2762 2203 2995 2268 Crucis
3062 2203 3127 2265 in
3180 2203 3446 2280 Lais-seca,
3492 2207 3657 2270 reci-

451 2310 698 2392 piendo
744 2311 981 2374 libram
1030 2332 1151 2394 per
1195 2309 1340 2374 fert.
1385 2331 1652 2374 summa
1699 2312 1730 2374 Ι
1778 2330 1980 2374 mare.

450 2418 610 2481 item
657 2437 778 2500 pro
825 2419 856 2480 I
903 2418 1125 2501 lapide
1171 2419 1332 2502 rysii
1398 2418 1583 2482 XXI
1630 2439 1721 2482 se.
1769 2430 1837 2481 et
1881 2437 2004 2500 pro
2052 2419 2084 2481 I
2133 2417 2355 2500 lapide
2422 2417 2917 2503 amigdalorum
2968 2419 3056 2482 ad
3100 2420 3487 2484 thesaurum
3534 2420 3645 2502 ΙΨ,

449 2546 653 2589 marc.
699 2546 962 2589 summa
1009 2526 1077 2589 II
1123 2546 1325 2590 mare.
1374 2525 1525 2588 XX
1572 2545 1662 2590 se.

663 2631 947 2697 Summa
984 2632 1554 2714 CLXXXXIPJ„
1615 2653 1814 2697 mare.
1862 2633 1931 2696 II
1976 2653 2066 2696 se.

665 2741 836 2802 Item
883 2760 1007 2823 pro
1053 2740 1086 2804 I
1133 2741 1358 2823 lapide
1404 2741 1820 2804 rosincorum
1868 2742 1955 2805 ad
2001 2742 2391 2804 thesaurum
2440 2740 2549 2821 I¹l2
2610 2760 2813 2803 marc.

449 2848 608 2911 item
659 2868 780 2931 pro
827 2849 1013 2922 sella,
1077 2849 1144 2911 in
1210 2869 1346 2932 qua
1409 2849 1541 2913 olle
1607 2851 1694 2911 ad
1759 2848 2197 2912 venacionem
2265 2857 2419 2930 post
2483 2849 2692 2911 dnum
2759 2849 3037 2933 Regem
3106 2849 3357 2931 portari
3401 2851 3655 2913 debent

449 2956 594 3036 ΠΨ,
653 2976 854 3019 mare.

448 3064 605 3127 item
655 3084 776 3146 pro
823 3062 1112 3128 feruncis
1160 3075 1229 3128 et
1273 3064 1576 3148 corrigiis
1622 3065 1708 3129 ad
1756 3065 2121 3148 predictam
2171 3064 2405 3126 sellam
2454 3062 2597 3125 XV
2614 3063 2675 3142 1,,12
2734 3083 2823 3128 se.

445 3172 606 3235 item
653 3192 776 3253 pro
822 3173 1267 3235 mundacione
1315 3173 1668 3236 loricarum
1716 3172 2044 3256 regalium
2086 3170 2258 3233 VIII
2306 3191 2405 3254 gr.

445 3281 605 3343 item
653 3279 816 3342 feria
863 3279 936 3342 X
983 3281 1294 3362 proxime
1340 3280 1650 3361 sequenti
1696 3279 1898 3362 (27l8)
1957 3278 2397 3342 Hannussoni
2460 3277 2866 3341 cubiculario
2931 3288 2999 3342 et
3046 3278 3487 3361 dispensatori
3534 3280 3649 3344 dni

447 3387 670 3472 Regis
717 3389 804 3450 ad
851 3387 1374 3469 dispensandum
1423 3385 1489 3448 in
1538 3387 1648 3449 via
1695 3385 1748 3450 C
1797 3405 1997 3449 marc.

447 3495 608 3557 item
657 3495 860 3557 Petro
908 3494 1210 3576 Crupcze
1255 3515 1378 3576 pro
1426 3514 1602 3576 equo
1650 3495 1734 3556 ad
1781 3493 2039 3556 literam
2090 3493 2204 3556 dni
2251 3492 2473 3575 Regis
2520 3492 2587 3554 V
2634 3511 2837 3555 mare.

443 3603 602 3667 item
651 3622 774 3684 pro
821 3603 852 3664 I
901 3623 1078 3685 equo
1123 3604 1211 3666 ad
1258 3603 1566 3665 assedam
1614 3601 1729 3664 dni
1776 3601 2000 3686 Regis
2046 3600 2217 3662 VIII
2265 3619 2469 3662 marc,

443 3712 601 3774 item
654 3711 856 3774 Petro
903 3707 1284 3772 conuchom'
1319 3709 1434 3771 dni
1480 3709 1704 3792 Regis
1750 3729 1874 3791 pro
1922 3709 2136 3770 ocreis
2183 3706 2355 3770 VIII
2404 3727 2505 3790 gr.

441 3819 599 3882 item
646 3837 774 3900 pro
820 3815 922 3880 VI
937 3820 998 3897 ¹J2
1059 3816 1233 3878 vlnis
1278 3816 1482 3898 panni
1529 3815 1730 3899 grisei
1775 3814 1932 3878 fusti
1981 3814 2360 3877 Burslensis
2407 3814 2543 3877 dno
2592 3814 2775 3898 Regi
2814 3834 2935 3896 pro
2972 3815 3213 3889 tunica,
3261 3815 3643 3898 recipiendo

441 3928 670 3989 vlnam
718 3946 840 4006 per
897 3925 960 4004 ¹³‘2
1019 3944 1254 4007 sexag.
1301 3943 1565 3986 summa
1610 3922 1768 3985 facit
1814 3923 1916 3985 IV
1963 3942 2164 3984 marc.
2211 3921 2322 3982 IX
2370 3942 2459 3984 sc.

440 4035 600 4097 item
668 4031 1011 4096 Chodconi
1085 4030 1493 4094 cubiculario
1568 4030 1682 4092 dni
1757 4029 1977 4112 Regis
2051 4031 2137 4092 ad
2211 4029 2613 4092 relacionem
2682 4029 2795 4093 dni
2860 4029 3175 4112 Dymitrii
3250 4030 3641 4094 marschalci

441 4140 506 4201 V
553 4161 754 4204 marc,

440 4249 596 4311 item
636 4248 902 4311 cuidam
942 4248 1274 4310 monacho
1305 4246 1401 4327 Jo.
1443 4247 1556 4327 qui
1595 4257 1830 4327 captus
1870 4233 2014 4307 erat
2051 4245 2116 4306 in
2159 4243 2441 4316 Prussia,
2482 4244 2567 4306 ad
2606 4263 2845 4305 vocem
2886 4242 3001 4307 dni
3038 4243 3260 4328 Regis
3298 4244 3401 4307 III
3439 4264 3639 4308 marc.

439 4356 596 4419 item
643 4375 766 4436 pro
812 4354 922 4434 1¹!²
980 4356 1142 4417 vlna
1187 4354 1483 4417 attlantis
1528 4354 1615 4416 ad
1663 4353 1958 4414 manicas
2005 4353 2092 4414 ad
2141 4348 2311 4413 brzire
2356 4352 2493 4413 dno
2538 4349 2723 4434 Regi
2769 4350 2802 4413 I
2851 4370 3054 4413 mare.

651 4461 937 4527 Summa
982 4460 1301 4525 CXXXI
1349 4480 1550 4523 mare.
1590 4460 1698 4524 IX
1746 4479 1837 4522 sc.

653 4571 826 4634 Item
892 4590 1015 4651 pro
1079 4569 1292 4632 serico
1358 4570 1444 4632 ad
1509 4568 1984 4631 consucionem
2051 4566 2498 4648 predictarum
2564 4565 2977 4629 manicarum
3042 4565 3371 4629 dictarum
3440 4564 3640 4630 brzlrze

439 4679 625 4742 XXI
669 4699 760 4741 se.

437 4786 596 4850 item
645 4805 768 4868 pro
815 4785 882 4848 II
929 4785 1113 4848 libris
1157 4784 1370 4867 papiri
1417 4785 1504 4846 ad
1549 4781 1932 4846 thesaurum
1983 4780 2118 4843 VII
2164 4801 2264 4865 gr.

435 4894 593 4956 item
641 4913 764 4976 pro
810 4892 913 4955 VI
961 4893 1134 4955 vlnis
1179 4891 1384 4974 panni
1430 4890 1634 4975 grisei
1680 4889 1818 4952 dati
1866 4888 2200 4950 Petrassio
2246 4887 2767 4970 Oleszniczszky
2830 4907 2954 4969 pro
3019 4887 3245 4950 tunica
3292 4887 3635 4970 equitatili,

436 5000 822 5082 recipiendo
867 5001 1096 5062 vlnam
1145 5019 1267 5080 per
1311 4997 1414 5061 VI
1460 5019 1562 5082 gr.
1607 5017 1872 5060 summa
1915 4995 2074 5059 facit
2118 4994 2222 5057 III
2268 4994 2414 5059 fert.

432 5109 592 5172 item
639 5109 926 5172 sabbato
972 5105 1285 5190 proximo
1329 5105 1654 5188 sequenti,
1711 5105 1820 5166 die
1868 5101 2360 5166 Decollacionis
2426 5123 2477 5164 s,
2515 5100 2842 5182 Johannis
2888 5105 2943 5182 (2
2954 5100 3090 5184 9l8)
3155 5101 3473 5165 fratribus
3519 5103 3633 5167 dni

425 5215 716 5297 Janussii
762 5215 1055 5278 doctoris
1100 5217 1186 5278 de
1232 5212 1516 5276 Polonia
1560 5231 1762 5293 super
1805 5211 1958 5273 XX
2004 5211 2231 5273 hastas
2277 5209 2331 5272 C
2379 5228 2581 5272 marc.

431 5325 590 5388 item
640 5322 979 5386 Pessiconi
1025 5323 1204 5385 dicto
1261 5321 1580 5403 Russzyn
1646 5338 1770 5401 pro
1835 5317 2278 5399 exempcione
2342 5316 2445 5380 sui
2510 5317 2597 5380 de
2662 5315 3045 5398 captiuitate
3092 5317 3178 5379 ad
3224 5335 3465 5380 vocem
3514 5316 3629 5380 dni

427 5430 652 5515 Regis
698 5429 977 5492 LXXV
1025 5449 1224 5492 mare.

428 5538 588 5601 item
636 5557 760 5620 pro
807 5537 917 5601 XI
931 5537 994 5618 ¹l2
1051 5537 1212 5600 vlna
1257 5537 1460 5618 panni
1507 5534 1885 5598 Bruslensis
1941 5533 2133 5595 viridi
2189 5531 2449 5604 coloris,
2496 5531 2635 5594 dati
2679 5531 2904 5594 iuueni
2950 5531 3213 5594 ducisse
3260 5532 3347 5594 ad
3393 5531 3627 5615 Vnga-

429 5646 594 5711 riam
643 5645 1086 5730 expediende,
1151 5643 1533 5730 recipiendo
1599 5642 1826 5706 vlnam
1891 5661 2011 5726 per
2068 5639 2131 5723 ¹,l2
2192 5659 2393 5706 mare.
2459 5658 2722 5704 summa
2766 5637 2922 5704 facit
2968 5637 3034 5699 V
3087 5658 3286 5701 marc.
3334 5637 3437 5704 III
3482 5636 3623 5706 fert.
