4592 6559
983 507 1363 571 REJESTRA
1409 507 1678 572 srAch
1723 507 2016 558 Dwoxu
2063 493 2333 559 KRoLA
2378 507 2409 558 1
2454 493 2891 574 KROLOWEJ.
2948 511 3131 574 1403·
3526 492 3651 576 289

667 707 827 770 item
873 727 998 790 pro
1043 707 1353 772 citaristis
1398 708 1806 772 Ruthenicis
1849 709 2258 772 Michalconi
2306 707 2437 772 ciui
2484 711 2569 774 de
2615 709 2865 774 ibidem
2913 709 3059 772 XII
3105 709 3291 782 sooti,

668 814 828 878 item
899 835 1024 898 pro
1099 814 1510 880 Ostaszcone
1583 817 1669 879 de
1742 815 2101 887 Moszkwa,
2186 816 2406 898 ipsum
2490 817 2575 878 de
2656 815 2952 897 hospicio
3026 816 3419 880 redimendo
3484 813 3655 878 VIII

457 921 624 984 scoti
670 921 706 983 I
751 942 851 1006 gr.

669 1028 842 1092 Item
889 1049 1011 1112 pro
1058 1030 1408 1113 capitaneo
1454 1029 1996 1104 Sandomiriensi
2045 1031 2319 1113 quando
2366 1029 2693 1112 equitauit
2739 1028 3134 1094 Cracouiam
3198 1039 3354 1113 post
3417 1031 3658 1113 predo-

457 1156 578 1200 nes
622 1156 824 1220 super
870 1137 1130 1200 literam
1179 1137 1296 1200 dni
1341 1137 1565 1222 Regis
1611 1137 1764 1200 XX
1810 1158 1900 1202 sc.
1948 1137 2052 1200 ΙΙΙ
2099 1157 2188 1200 sc.

671 1244 842 1306 Item
887 1265 1009 1326 pro
1057 1244 1498 1328 expedicione
1542 1245 1702 1308 salis
1765 1247 1850 1308 de
1895 1242 2174 1308 Bochna
2217 1244 2419 1306 trium
2468 1241 2776 1324 Quatuor
2820 1252 3203 1326 temporum
3254 1245 3339 1308 ad
3388 1243 3656 1308 Nouam

459 1350 795 1414 ciuitatem
843 1351 1096 1416 XVIII
1140 1351 1325 1415 scoti.

667 1457 844 1520 Item
892 1459 1308 1543 subagazoni
1353 1457 1468 1522 dni
1515 1458 1736 1541 Regis
1783 1459 1866 1520 ad
1906 1458 2300 1521 mandatum
2339 1457 2454 1520 dni
2492 1457 2712 1539 Regis
2750 1458 2929 1522 dicto
2964 1457 3348 1532 &Vassileca
3386 1459 3501 1542 qui
3536 1479 3659 1540 pro

461 1563 650 1646 equis
693 1577 991 1642 venerat,
1037 1565 1139 1629 VI
1187 1567 1372 1630 scoti.

671 1672 844 1736 Item
893 1673 1110 1736 eidem
1155 1693 1280 1756 pro
1327 1673 1642 1756 expensis
1687 1693 1841 1737 cum
1889 1671 2080 1755 equis
2133 1691 2337 1753 super
2382 1671 2559 1734 viam
2608 1691 2844 1734 versus
2907 1672 3228 1736 Russiam
3296 1671 3659 1754 equitando

461 1778 562 1840 VI
607 1779 794 1842 scoti.

673 1885 957 1950 Summa
1014 1887 1077 1967 ¹l2
1136 1889 1496 1971 columpne
1542 1888 1646 1951 III
1692 1907 1854 1950 mar.
1899 1887 2082 1950 XIII
2126 1888 2296 1951 scoti
2343 1888 2375 1950 I
2425 1908 2523 1969 gr.

673 1993 844 2058 Item
909 2015 1032 2076 pro
1097 2015 1273 2078 equo
1339 1996 1725 2058 consulibus
1790 1997 1876 2058 de
1943 1992 2260 2068 Wklzcz'a,
2326 2015 2525 2076 quem
2575 1996 2749 2057 dnus
2814 1993 2977 2056 Rex
3035 1993 3382 2056 mandauit
3437 2011 3660 2054 emere

463 2099 814 2164 Zindramo
860 2102 1216 2166 iusticiario
1262 2101 1364 2164 VI
1413 2123 1586 2174 mar.

673 2209 843 2272 Item
884 2210 1196 2289 Janussio
1243 2210 1421 2274 dicto
1471 2207 1779 2283 conuclm,
1844 2209 1958 2292 qui
2005 2229 2220 2291 equos
2265 2209 2379 2270 dni
2428 2209 2649 2291 Regis
2712 2206 2887 2292 regit
2948 2227 3150 2291 super
3206 2205 3431 2291 Gorgy
3486 2206 3662 2269 circa

482 2313 849 2379 Wzklzkz'am
911 2337 1032 2398 per
1076 2316 1215 2380 VII
1261 2317 1684 2398 septimanas,
1749 2317 1976 2381 dando
2041 2316 2342 2399 qualibet
2404 2315 2777 2398 septimana
2839 2335 2962 2398 per
3007 2313 3179 2376 VIII
3236 2334 3336 2397 gr.
3401 2313 3434 2376 I
3498 2333 3661 2376 mar.

460 2421 562 2484 IV
607 2443 698 2486 sc.

676 2531 848 2593 Item
896 2531 1175 2594 Bortino
1223 2531 1402 2596 dicto
1450 2529 1742 2594 conucho
1786 2531 1904 2593 dni
1948 2529 2170 2615 Regis
2217 2551 2422 2613 super
2467 2531 2725 2594 literam
2772 2529 2889 2594 dni
2933 2528 3158 2613 Regis
3209 2549 3334 2611 pro
3387 2527 3663 2593 thunica

463 2650 531 2701 et
575 2639 809 2723 caligis
855 2638 1000 2701 XV
1045 2639 1232 2702 scoti.

676 2745 850 2810 Item
895 2767 1020 2828 pro
1069 2747 1418 2829 capitaneo
1465 2743 1994 2810 Sandomiriensi
2039 2745 2105 2808 in
2165 2743 2483 2820 Wtklicia,
2527 2745 2746 2827 ipsum
2794 2745 2880 2807 de
2924 2741 3223 2826 hospicio
3270 2743 3662 2809 redimendo

461 2853 609 2916 XII
652 2854 836 2917 scoti.

675 2961 846 3023 Item
893 2981 1018 3042 pro
1064 2961 1494 3043 reparacione
1540 2961 1791 3043 piscine
1839 2981 2016 3023 noue
2062 2961 2238 3024 circa
2293 2947 2589 3024 castrum
2655 2960 2741 3022 ad
2807 2959 3197 3022 mandatum
3264 2956 3381 3020 dni
3442 2955 3666 3040 Regis

463 3067 536 3132 X
582 3069 768 3132 scoti.

674 3177 848 3240 Item
893 3197 1046 3259 pro
1062 3176 1496 3260 reparacione
1542 3175 1766 3238 balnei
1812 3175 1878 3236 in
1949 3172 2246 3238 Wtslz'cia
2295 3173 2632 3238 Stanislao
2680 3175 2766 3236 de
2811 3173 3058 3236 ibidem
3106 3171 3279 3235 VIII
3324 3170 3511 3234 scoti.

675 3283 960 3348 Summa
1016 3285 1078 3366 ¹l2
1137 3286 1496 3366 columpne
1541 3283 1714 3346 VIII
1763 3303 1922 3346 mar.
1970 3283 2003 3345 I
2049 3293 2210 3346 scot.

675 3392 848 3456 Item
894 3413 1018 3476 pro
1066 3392 1178 3456 IX
1221 3392 1618 3456 staminibus
1662 3391 1868 3474 panni
1915 3411 2119 3472 super
2161 3389 2481 3454 familiam
2530 3388 2727 3452 castri
2774 3396 2841 3450 et
2886 3387 2951 3450 in
3000 3385 3245 3469 prediis
3310 3386 3396 3448 ad
3443 3385 3661 3468 ipsum

463 3509 754 3564 castrum
800 3501 1286 3582 pertinentibus
1332 3498 1582 3562 XVIII
1629 3519 1790 3561 mar.

675 3607 846 3670 Item
894 3629 1017 3690 pro
1063 3607 1213 3670 ollis
1259 3608 1428 3670 ereis
1476 3608 1562 3670 ad
1608 3615 1902 3669 castrum
1966 3625 2089 3686 pro
2136 3604 2425 3686 coquina
2488 3612 2717 3666 nostra
2780 3601 3049 3683 propria
3112 3610 3386 3682 propter
3451 3585 3664 3661 maius

465 3715 578 3778 dni
623 3715 846 3798 Regis
893 3717 1154 3779 lucrum
1202 3715 1270 3778 H
1317 3735 1478 3778 mar.
1525 3713 1628 3776 VI
1673 3733 1764 3776 se.

676 3822 848 3885 Item
895 3843 1019 3905 pro
1066 3821 1322 3886 linteris
1364 3822 1450 3884 ad
1498 3831 1795 3884 castrum
1841 3839 1960 3882 seu
2008 3821 2098 3882 ad
2141 3818 2383 3892 alodia,
2446 3817 2511 3879 in
2578 3816 2822 3900 quibus
2886 3795 3131 3896 pecora
3194 3833 3313 3876 seu
3370 3812 3664 3895 pecudes

465 3932 682 3994 solent
725 3939 978 4012 potare,
1027 3928 1200 3992 VIII
1244 3929 1428 3992 scoti.

677 4039 849 4101 Item
897 4038 1100 4101 Petro
1145 4036 1389 4118 aucupi
1433 4045 1533 4098 tot
1578 4033 2015 4117 exposuimus
2059 4053 2182 4115 pro
2228 4032 2500 4114 canapis
2547 4040 2615 4093 et
2659 4030 2795 4094 lino
2831 4049 3033 4111 super
3070 4027 3247 4091 recia
3281 4025 3451 4090 infra
3488 4027 3663 4090 vice·

462 4145 942 4228 procuracione
987 4145 1106 4208 dni
1151 4143 1538 4226 Gronostay
1583 4141 1733 4206 XX
1781 4141 1951 4206 scoti
1996 4140 2029 4203 Ι
2076 4160 2176 4224 gr.

677 4252 850 4315 Item
898 4272 1019 4334 pro
1066 4251 1141 4315 X
1187 4251 1362 4313 vlnis
1407 4250 1610 4332 panni
1656 4249 1828 4332 nigri
1876 4247 2116 4310 coloris
2154 4245 2445 4327 Johanni
2491 4244 2768 4316 notari0,
2830 4242 3132 4325 quelibet
3179 4215 3341 4304 vlna
3396 4261 3513 4322 per
3560 4238 3663 4302 VI

466 4380 566 4444 gr.
609 4369 712 4422 tot
755 4359 916 4423 facit
960 4359 993 4420 I
1041 4379 1202 4422 mar.
1245 4357 1350 4420 VI
1394 4378 1484 4422 se.

677 4465 960 4532 Summa
1017 4467 1081 4548 ΙΙ,
1141 4467 1498 4547 columpne
1545 4463 1767 4526 XXII
1814 4483 1977 4526 mar.
2023 4462 2204 4526 XVI
2249 4481 2340 4526 sc.
2387 4460 2420 4523 Ι
2468 4480 2569 4544 gr.

679 4575 850 4640 Item
899 4575 1166 4638 duobus
1210 4571 1609 4656 timpenistis
1654 4590 1778 4653 pro
1825 4570 1894 4633 ΙΙ
1941 4570 2131 4652 equis
2184 4589 2388 4652 super
2450 4567 2841 4630 mandatum
2907 4565 3023 4628 dni
3088 4564 3324 4648 Regis,
3388 4562 3666 4647 quilibet

465 4703 678 4766 equus
723 4702 845 4764 per
889 4682 922 4745 Ι
969 4701 1202 4765 sexag.
1251 4680 1396 4761 ΙΙΙ]2
1454 4699 1616 4742 mar.

680 4789 850 4853 It'em
897 4808 1019 4872 pro
1066 4788 1134 4851 ΙΙ
1180 4787 1378 4862 sellis
1425 4785 1722 4870 quelibet
1767 4786 1934 4848 sella
1979 4805 2101 4866 per
2144 4783 2289 4848 XII
2336 4803 2427 4846 sc.

680 4896 850 4960 Item
899 4895 1173 4978 prefatis
1219 4893 1615 4976 timpenistis
1659 4913 1784 4975 pro
1831 4892 1940 4954 via
1987 4893 2072 4954 ad
2120 4892 2330 4955 dnum
2378 4890 2655 4972 Regem
2714 4865 3168 4970 equitantibus
3222 4905 3460 4948 versus
3514 4885 3662 4948 Ma-

466 5024 668 5087 gnam
718 5003 1068 5067 Poloniam
1113 5001 1216 5065 VI
1263 5001 1446 5064 scoti.

678 5112 849 5174 Item
896 5131 1020 5194 pro
1066 5108 1551 5172 reformacione
1597 5108 1983 5170 caldeorum
2031 5105 2097 5168 in
2145 5113 2367 5168 castro
2414 5114 2479 5166 et
2525 5103 2592 5165 in
2640 5100 3027 5165 braxatorio
3065 5098 3237 5162 VIII
3282 5100 3466 5163 scoti.

679 5218 848 5282 Item
896 5239 1020 5300 pro
1065 5216 1436 5281 serimentis
1481 5217 1568 5279 ad
1613 5223 1835 5277 aratra
1879 5213 1945 5275 in
1994 5211 2230 5276 alodiis
2276 5209 2589 5292 exposita
2633 5208 2813 5272 XVI
2860 5227 2950 5270 se.

679 5327 852 5390 Item
899 5345 1022 5409 pro
1068 5323 1272 5409 lignis
1317 5325 1404 5386 ad
1449 5321 1792 5384 fornacem
1840 5318 2292 5383 conbuscione
2338 5317 2565 5380 lateris
2612 5313 2789 5378 XIV
2826 5332 2915 5378 sc,

681 5434 852 5497 Item
898 5453 1020 5516 pro
1064 5430 1496 5515 reparacione
1542 5429 2087 5492 membranarum
2136 5427 2224 5490 ad
2270 5425 2497 5488 albam
2543 5425 2813 5486 stubam
2859 5420 3237 5484 inferiorem
3276 5419 3449 5482 VIII
3478 5418 3662 5482 scoti.

679 5541 851 5606 Item
899 5539 1228 5604 Scodzine
1274 5557 1400 5621 pro
1446 5535 1800 5600 ablucione
1848 5533 2246 5597 mensalium
2294 5532 2411 5594 dni
2458 5530 2681 5613 Regis
2726 5527 2905 5592 XVI
2953 5527 3139 5590 scoti.

679 5647 963 5712 Summa
1018 5647 1084 5731 ¹l2
1142 5649 1502 5727 columpne
1548 5642 1617 5705 V
1663 5663 1824 5706 mar.
1872 5641 2024 5704 XX
2071 5640 2256 5706 scoti.
2306 5631 2309 5636 ’

678 5787 967 5832 leuamen&
995 5786 1130 5828 medii
1160 5787 1271 5826 aevi.
1301 5787 1350 5827 Τ.
1379 5783 1472 5826 XV.
3382 5749 3445 5822 3⁶7
