4592 6559
949 565 1330 632 REJESTRA
1379 565 1970 616 PODSKARBIEGO
2019 567 2351 616 HINCZKI.
2409 574 2592 634 1393.
3263 556 3377 634 165

413 767 576 830 Item
617 787 740 848 pro
787 775 1242 849 pretextarum
1291 765 1690 830 sericeamm
1739 765 2092 847 paracione
2141 768 2227 830 ad
2273 765 2542 830 salletas
2560 771 2569 778 '
2588 766 2800 831 dictas
2844 764 3116 831 sodelna
3160 765 3387 852 zbroya

225 874 328 938 dni
371 875 586 959 Regis
632 875 662 937 Ι
711 895 909 937 marc.
956 875 1028 936 X
1077 895 1164 936 sc.

225 983 363 1045 item
408 1002 526 1064 pro
589 981 944 1063 paracione
1009 991 1432 1064 strepparum
1497 983 1860 1064 duplicium
1927 992 2405 1066 argenteamm
2470 983 2957 1056 deauratarum,
3034 981 3386 1045 missarum

225 1092 340 1154 :ino
384 1088 564 1174 Regi
610 1089 676 1152 in
725 1089 1186 1174 Lamburgam
1235 1089 1338 1152 III
1383 1109 1586 1152 mare.

226 1206 359 1260 ¹tem
403 1217 522 1279 pro
567 1195 1048 1260 reformacione
1097 1197 1292 1260 vnius
1338 1197 1547 1260 cantri
1595 1181 1842 1282 regalis
1890 1199 1921 1260 I
1966 1197 2110 1260 fert.

225 1315 362 1368 ,tem
389 1325 507 1386 pro
535 1305 748 1368 serico
783 1304 980 1388 nigro
1009 1314 1076 1367 et
1103 1304 1329 1388 griseo
1358 1306 1445 1368 ad
1482 1305 1988 1388 requisicionem
2023 1305 2296 1368 Henrici
2338 1305 2607 1368 sartoris
2635 1304 2885 1389 regalis
2913 1304 2945 1367 I
2975 1323 3173 1367 mare.
3203 1303 3270 1364 V
3300 1324 3389 1366 se.

225 1421 366 1476 tem
409 1431 530 1495 pro
577 1411 749 1474 VIII
797 1411 980 1476 libris
1027 1411 1241 1474 czucri
1289 1413 1375 1474 ad
1421 1413 1760 1494 parandos
1806 1410 2164 1487 confectuS,
2213 1411 2453 1474 missos
2518 1414 2653 1474 dno
2718 1411 2909 1496 Regi
2952 1410 3019 1474 in
3067 1410 3393 1474 Lambur·

225 1539 382 1604 gam,
426 1519 664 1582 libram
711 1538 831 1600 per
875 1517 1046 1582 VIII
1092 1539 1180 1581 se.
1228 1519 1260 1588 I
1308 1528 1519 1600 quart.
1567 1518 1969 1601 recipiendo,
2017 1539 2282 1583 summa
2328 1518 2485 1582 facit
2531 1518 2631 1580 IV
2679 1539 2881 1581 marc.
2928 1519 2997 1580 II
3042 1537 3132 1581 sc.

225 1636 365 1690 :tem
409 1625 742 1689 aurifabro
788 1625 1022 1708 Synay
1073 1647 1112 1688 a
1157 1627 1388 1689 labore
1433 1626 1631 1690 vnius
1677 1627 1908 1690 cornui
1955 1626 2204 1710 regalis
2241 1625 2343 1689 IV
2382 1645 2582 1690 marc.
2621 1635 2689 1688 et
2751 1645 2875 1709 pro
2911 1624 3391 1687 reformacione

225 1733 416 1796 :antri
457 1733 692 1817 magni
737 1732 1042 1816 argentei
1087 1733 1120 1794 Ι
1169 1753 1369 1796 marc.
1417 1754 1682 1796 summa
1725 1732 1885 1796 facit
1928 1733 1995 1795 V
2045 1753 2244 1797 mare.

225 1850 366 1904 1tem
411 1861 534 1922 pro
580 1840 934 1922 paracione
979 1839 1306 1903 futrorum
1355 1843 1441 1904 ad
1488 1851 1735 1917 cantra,
1793 1861 2178 1924 cuppcones
2240 1853 2308 1904 et
2354 1843 2442 1905 ad
2488 1853 2797 1904 ornatum
2844 1842 3065 1903 leuem
3111 1859 3235 1922 pro
3280 1860 3392 1902 ve·

225 1947 594 2012 nacionibus
641 1948 672 2009 I
721 1966 920 2010 marc.

225 2066 364 2118 tem
410 2075 530 2138 pro
575 2055 933 2138 paracione
979 2054 1266 2118 duorum
1314 2057 1588 2137 pallium
1637 2057 1968 2140 nigridine
2015 2068 2081 2119 et
2129 2057 2397 2120 ceruine
2461 2078 2582 2140 per
2629 2076 2868 2119 manus
2916 2055 3397 2118 Marszalconis

225 2161 490 2226 vectoris
549 2161 610 2242 ¹l2
669 2181 869 2226 marc.

225 2281 362 2334 tem
410 2288 532 2353 pro
579 2269 798 2332 resina
844 2271 932 2333 ad
978 2290 1228 2344 eurruS,
1275 2268 1561 2354 flagellis
1607 2283 1676 2334 et
1721 2292 1950 2334 eorum
2006 2270 2336 2345 finalibuS,
2402 2293 2561 2354 qum
2613 2269 2881 2342 colebca,
2931 2269 3179 2342 vinum,
3227 2289 3397 2341 cera,

225 2377 479 2450 ‘adic05,
525 2377 783 2458 species·
831 2387 898 2439 et
943 2377 1071 2440 alia
1117 2379 1309 2460 plura
1355 2388 1512 2440 sunt
1558 2380 1762 2442 ducta
1793 2378 1870 2440 ‘in
1921 2380 2381 2463 Lamburgam
2444 2380 2505 2458 ¹3¹2
2564 2399 2799 2462 sexag.

226 2497 363 2547 ¹tem
412 2483 750 2548 Cunczoni
797 2483 1142 2548 Brennero
1187 2485 1252 2546 in
1303 2485 1628 2548 Cracouia
1675 2507 1797 2567 pro
1842 2484 2008 2549 szosl
2037 2496 2104 2548 et
2142 2486 2419 2549 manicis
2458 2486 2742 2568 receptis
2778 2496 2941 2567 aput
2986 2485 3204 2566 ipsum
3244 2490 3399 2545 ante

225 2611 414 2654 vnum
488 2611 738 2654 annum
814 2603 884 2654 et
949 2594 1124 2654 vltra
1185 2593 1250 2653 in
1318 2593 1709 2676 Lamburga
1772 2614 1896 2675 pro
1960 2594 2132 2656 duce
2207 2593 2657 2666 Feduszcone,
2730 2613 2851 2675 pro
2917 2591 3160 2675 quibus
3224 2591 3399 2653 dnus

225 2699 575 2782 Heynczca
621 2699 708 2762 ad
753 2700 1158 2766 soluendum
1202 2720 1323 2780 pro
1371 2702 1508 2762 dno
1553 2701 1759 2788 Rege
1805 2699 2227 2764 fideiusserat
2273 2701 2419 2779 11¹3,
2479 2720 2679 2763 mare.

419 2804 701 2869 Summa
747 2807 931 2868 XIX
982 2827 1183 2869 marc·
1230 2807 1406 2869 XIV
1453 2828 1542 2870 se.

421 2913 593 2976 Item
641 2933 765 2994 pro
813 2911 941 2976 filis
988 2915 1272 2996 receptis
1317 2916 1382 2976 in
1433 2915 1890 3000 Lamburgam
1943 2916 1974 2977 I
2022 2916 2164 2978 fert.

229 3029 364 3082 tem
414 3041 536 3102 pro
583 3020 616 3082 I
664 3040 860 3083 curru
910 3022 1040 3084 leui
1087 3031 1248 3084 tunc
1295 3023 1616 3104 temporis
1664 3033 1892 3104 empto
1938 3044 2060 3104 pro
2117 3023 2443 3086 duccione
2510 3023 2931 3086 diuersorum
2999 3020 3401 3085 necessario-

223 3147 356 3190 rum
405 3147 640 3190 versus
686 3129 1148 3212 Lamburgam
1197 3130 1262 3191 II
1313 3151 1509 3192 marc.

225 3235 377 3298 item
425 3255 550 3316 pro
598 3237 914 3318 expensis
979 3237 1091 3299 dni
1159 3237 1639 3318 Heynczkonis
1705 3238 2246 3302 vicethezaurarii
2293 3257 2445 3300 cum
2494 3238 2858 3300 sartoribus
2904 3235 3017 3299 dni
3066 3234 3288 3318 Regis
3336 3243 3403 3296 et

225 3342 462 3406 Pamilia
507 3343 928 3425 precedentis
974 3345 1346 3426 septimane
1393 3345 1459 3407 in
1507 3344 1833 3408 Cracouia
1881 3346 1946 3407 ΙΙ
1995 3367 2194 3408 marc.
2245 3346 2349 3407 IX
2399 3366 2488 3408 sc.
2536 3345 2680 3406 XII
2727 3345 2877 3406 den.

226 3461 370 3513 ¹tem
420 3451 484 3512 in
534 3450 764 3534 vigilia
811 3451 1196 3516 Natiuitatis
1243 3475 1292 3514 s,
1341 3453 1554 3514 Marie
1603 3453 1880 3536 virginis
1930 3453 2086 3536 (7s9)
2151 3474 2272 3534 pro
2322 3453 2493 3515 binis
2561 3451 2930 3515 calcaribus
2978 3469 3045 3512 et
3090 3451 3177 3512 ad
3225 3448 3403 3511 viam

225 3557 276 3620 [I
326 3558 711 3621 vectoribus
757 3579 910 3622 cum
960 3559 1418 3622 Marszalcone.
1469 3559 1530 3619 V
1581 3581 1678 3643 gr.

226 3675 366 3727 tem
416 3664 624 3739 fabr0,
674 3665 788 3748 qui
832 3665 1240 3728 reformabat
1304 3687 1486 3728 seras
1549 3669 1615 3728 in
1683 3668 1887 3730 domo
1945 3667 2236 3740 ottonis,
2302 3668 2366 3730 in
2416 3687 2551 3749 qua
2598 3677 2757 3728 tunc
2806 3663 3409 3728 vicethezaurarius

225 3772 515 3854 equitans
562 3773 630 3836 in
677 3774 1153 3857 Lamburgam,
1203 3775 1574 3836 necessaria
1622 3774 1833 3836 multa
1879 3775 1992 3837 dni
2033 3775 2252 3858 Regis
2289 3784 2699 3855 reposuerat,
2748 3773 2848 3834 III
2896 3791 2986 3834 se.

229 3891 366 3943 tem
421 3881 856 3962 carpentariO,
921 3880 1035 3962 qui
1101 3881 1166 3942 in
1215 3883 1450 3943 eadem
1521 3883 1721 3943 domo
1789 3883 2142 3963 equisteria
2208 3892 2274 3943 et
2340 3881 2469 3944 alia
2534 3891 2863 3962 oportuna
2929 3877 3411 3941 reformauerat

225 3987 310 4050 [V
359 4007 450 4050 se.

227 4107 370 4158 tem
419 4093 584 4156 feria
632 4094 732 4156 IV
780 4095 1088 4176 sequenti
1136 4095 1336 4177 (¹0l9)
1385 4096 1448 4156 in
1503 4096 1659 4158 villa
1705 4097 1946 4180 Longa
1992 4097 2170 4159 dicta
2228 4095 2471 4180 Lanky
2516 4107 2672 4158 ante
2739 4093 2984 4168 lezno,
3034 4092 3413 4175 Heynczka

225 4201 818 4264 wicethezaurarius
883 4203 996 4262 dni
1067 4202 1290 4284 Regis
1353 4223 1646 4285 pergens
1713 4205 1796 4264 ad
1864 4207 2070 4266 dnum
2141 4205 2437 4286 Regem,
2503 4204 2758 4265 habens
2804 4221 3031 4264 secum
3081 4198 3412 4262 XXXVI

229 4313 580 4392 personas)
626 4309 694 4370 in
742 4309 957 4390 primo
1007 4319 1336 4372 nocturno
1384 4311 1710 4391 expendit
1756 4311 1787 4372 I
1837 4330 2034 4373 marc.
2085 4310 2150 4372 II
2197 4331 2284 4374 se.

225 4426 369 4479 tem
420 4414 588 4478 feria
633 4415 699 4476 V
748 4417 1056 4497 sequenti
1105 4420 1154 4496 (1
1180 4415 1304 4499 ¹s9)
1353 4416 1417 4479 in
1470 4415 1808 4480 Robczz'cze
1853 4417 1916 4480 in
1967 4417 2262 4480 stacione
2310 4418 2569 4498 prandii
2614 4415 2785 4479 VIII
2836 4437 2922 4478 se.

226 4536 372 4586 tem
423 4523 490 4584 in
540 4533 871 4586 nocturno
922 4524 1166 4586 ibidem
1219 4545 1372 4586 cum
1421 4524 1670 4586 familia
1717 4525 1820 4587 III
1867 4523 2012 4587 fert.
2063 4525 2092 4585 I
2141 4545 2240 4608 gr.

225 4641 372 4693 tem
424 4633 667 4693 eodem
732 4631 839 4694 die
887 4630 1132 4693 ibidem
1201 4633 1335 4693 dno
1395 4632 1680 4710 Johanni
1747 4633 2270 4714 Brzesthowsky
2336 4653 2457 4713 pro
2521 4653 2715 4714 equo,
2782 4650 2983 4712 quem
3045 4631 3207 4691 Rex
3254 4638 3415 4710 aput

227 4757 433 4820 psum
485 4737 828 4820 reciperat,
874 4759 998 4818 pro
1043 4759 1180 4820 quo
1229 4739 1832 4802 vicethezaurarius
1876 4740 1984 4801 hic
2029 4737 2381 4802 fideiussor
2426 4739 2643 4802 fuerat
2688 4737 2905 4818 V111J,
2963 4756 3163 4800 marc,

225 4857 370 4908 tem
423 4844 592 4908 feria
636 4844 739 4906 VI
784 4845 1092 4926 proxima
1140 4846 1340 4929 (1219)
1388 4847 1452 4907 in
1503 4845 1845 4908 Lancsuth
1893 4847 1958 4908 in
2007 4847 2303 4909 stacione
2350 4845 2607 4927 prandii
2655 4844 2796 4908 XV
2844 4865 2933 4908 se.

225 4962 380 5014 tem
431 4951 502 5014 in
549 4963 878 5015 nocturno
925 4952 992 5014 in
1039 4951 1452 5016 Praerowsko
1497 4953 1676 5016 XIII
1723 4974 1811 5016 se.

431 5057 720 5122 Summa
764 5059 906 5121 XV
955 5079 1158 5124 mare.
1205 5060 1391 5121 XXI
1440 5081 1527 5122 se.
1577 5061 1720 5123 XII
1768 5063 1916 5124 den.

435 5167 609 5228 Item
660 5167 724 5228 in
771 5168 1056 5229 sabbato
1106 5168 1310 5250 (13s9)
1358 5168 1423 5229 in
1479 5166 1813 5249 Jaroslaw
1859 5168 1925 5230 in
1973 5168 2270 5230 stacione
2322 5167 2579 5249 prandii
2624 5166 2699 5228 X
2745 5187 2837 5229 se.

225 5283 373 5337 tem
419 5273 991 5352 Jacubowskemu
1037 5275 1286 5338 ibidem
1336 5295 1554 5356 coquo
1602 5274 1714 5336 dni
1764 5274 2002 5358 Regis,
2062 5275 2176 5358 qui
2222 5284 2384 5337 tunc
2450 5272 2697 5337 ibidem
2767 5272 3246 5348 infirmabatur,
3293 5293 3415 5356 pro

225 5381 539 5462 ixpensis
585 5381 618 5444 Ι
665 5381 808 5444 fert.

226 5498 374 5551 tem
425 5489 496 5551 in
545 5487 872 5552 Przemzkl
909 5490 975 5551 in
1023 5499 1353 5553 nocturno
1402 5491 1637 5552 eodem
1689 5491 1796 5551 die
1843 5489 2060 5551 XXII
2110 5511 2198 5551 se.

224 5606 374 5658 tem
427 5596 764 5659 dominico
813 5597 920 5659 die
965 5596 1292 5678 sequenti,
1357 5598 1464 5660 die
1529 5595 1986 5660 Exaltacionis
2049 5617 2097 5658 S.
2147 5597 2379 5660 Crucis
2428 5597 2627 5679 (14s9)
2694 5597 2939 5660 ibidem
2990 5597 3055 5659 in
3104 5595 3427 5666 Przzemzlrl

226 5725 274 5766 n
327 5704 620 5788 prandio
667 5704 845 5770 XVI
892 5725 982 5769 se.
