4592 6559
1217 512 1598 576 REJESTRA
1645 511 2233 562 PonsxARmEGo
2279 511 2614 561 umczm.
2674 519 2853 578 1395·
3514 519 3631 578 217

444 713 599 774 item
647 733 770 795 pro
809 713 1015 775 LXX
1059 713 1232 776 vlnis
1279 713 1698 797 cingularum
1748 711 2073 776 dictarum
2113 713 2427 798 poprogy,
2474 713 2779 778 datarum
2830 709 3211 776 vectoribus
3262 713 3367 774 XI
3415 733 3503 776 se.

657 821 940 883 Summa
985 820 1052 880 V
1100 839 1301 884 marc,
1348 820 1450 882 III
1499 819 1642 884 fert.
1691 820 1754 881 V
1804 841 1894 884 sc.

657 928 827 991 Item
875 948 997 1010 pro
1045 927 1076 990 I
1125 929 1292 992 sella
1339 948 1491 992 cum
1545 927 1916 992 attinenciis
1963 928 2118 991 data
2167 929 2280 991 vni
2330 927 2584 990 vectori
2629 928 2843 1010 regali
2887 930 3357 992 thezaurorum
3404 927 3515 992 IX
3551 948 3641 992 se.

443 1036 604 1099 item
650 1055 774 1118 pro
820 1035 922 1097 IV
970 1035 1144 1099 vlnis
1208 1038 1336 1098 tele
1403 1037 1488 1098 ad
1552 1035 1968 1098 cabaciolum
2039 1035 2152 1097 dni
2220 1035 2459 1120 Regis,
2525 1035 2907 1118 recipiendo
2972 1035 3195 1098 vlnam
3262 1056 3383 1117 per
3428 1034 3494 1096 V
3542 1056 3642 1118 gr.

445 1163 710 1206 summa
753 1141 912 1206 facit
957 1142 1030 1206 X
1078 1163 1166 1206 se.

443 1249 602 1314 item
649 1269 774 1332 pro
821 1251 1105 1332 quartali
1154 1250 1319 1313 libre
1365 1248 1558 1312 serici
1603 1251 1692 1312 ad
1737 1249 2111 1331 predictum
2161 1249 2509 1314 cabacium
2558 1248 2590 1312 Ι
2606 1249 2668 1330 ¹1⁷2
2728 1268 2928 1312 mare.

445 1357 604 1420 item
650 1377 774 1438 pro
821 1377 1046 1438 panno
1091 1355 1279 1419 filato
1327 1358 1413 1420 ad
1461 1355 1833 1438 predictum
1883 1357 2230 1420 cabacium
2276 1355 2451 1420 VIII
2499 1377 2599 1441 gr.

445 1464 604 1527 item
651 1483 776 1547 pro
824 1464 855 1525 I
909 1464 1062 1525 vlna
1107 1465 1338 1547 taphte
1387 1463 1576 1546 nigre
1623 1465 1708 1526 ad
1774 1464 2147 1546 parandum
2193 1462 2615 1547 fasszowane
2677 1466 2764 1527 ad
2829 1465 3194 1546 calpetram
3260 1465 3375 1527 dni
3424 1465 3643 1548 Regis

446 1570 616 1633 VIII
662 1591 752 1634 sc.

445 1677 604 1742 item
653 1678 684 1740 I
702 1677 764 1758 ¹s2
825 1680 983 1742 xtlna
1027 1680 1162 1742 tele
1209 1680 1296 1742 ad
1341 1679 1714 1761 predictum
1741 1679 2164 1764 fasszowane
2209 1679 2383 1742 VIII
2431 1701 2528 1763 gr.

447 1785 606 1848 item
652 1805 776 1866 pro
823 1785 1039 1850 serico
1086 1796 1155 1849 et
1202 1787 1432 1849 labore
1487 1786 1692 1868 ipsius
1717 1785 2113 1870 fassouane,
2179 1787 2335 1870 quia
2384 1797 2673 1850 sartores
2738 1787 3003 1870 regales
3070 1807 3203 1850 non
3252 1787 3645 1852 ociabantur

445 1903 605 1956 tunc
651 1891 825 1955 VIII
872 1914 971 1978 gr.

445 1999 606 2064 item
653 2021 780 2082 pro
825 2001 1006 2064 libris
1049 1999 1242 2064 serici
1305 2001 1478 2084 nigri
1525 2003 1610 2064 ad
1657 2001 1876 2065 iaceas
1921 2001 2036 2064 dni
2082 2001 2303 2086 Regis
2368 2012 2435 2065 et
2499 2001 2615 2065 dni
2663 2001 2992 2066 Witholdi
3056 2000 3309 2066 scilicet
3351 2002 3645 2087 francos

446 2107 508 2168 V
527 2107 589 2188 ¹l2
649 2128 847 2171 mare.

445 2216 604 2279 item
652 2235 774 2296 pro
820 2213 992 2278 VIII
1041 2215 1215 2279 vlnis
1260 2217 1393 2279 tele
1440 2217 1665 2280 albato
1732 2217 1818 2280 ad
1881 2216 2395 2279 subducendum
2463 2215 2715 2299 caligas
2779 2216 2894 2278 dni
2958 2216 3197 2300 Regis»,
3260 2217 3644 2298 recipiendo

447 2325 676 2386 vlnam
723 2343 844 2405 per
888 2321 988 2385 IV
1037 2343 1136 2407 gr.
1183 2343 1448 2387 summa
1495 2323 1674 2386 XVI
1721 2343 1810 2387 sc.

445 2431 604 2494 item
651 2450 776 2513 pro
821 2430 880 2492 L
927 2430 1100 2493 vlnis
1146 2431 1277 2494 tele
1325 2431 1518 2516 nigre
1582 2431 1670 2494 ad
1715 2431 2227 2494 subducendum
2293 2439 2625 2493 tecturam
2690 2431 2930 2494 assede
2996 2430 3113 2493 dni
3178 2431 3417 2514 Regis,
3482 2432 3644 2495 reci-

446 2538 692 2622 piendo
739 2537 968 2600 vlnam
1015 2557 1136 2620 per
1182 2538 1250 2600 II
1265 2541 1328 2620 ¹1¹2
1389 2559 1486 2624 gr.
1533 2558 1801 2603 summa
1846 2537 1914 2600 II
1961 2557 2161 2601 marc.
2210 2536 2389 2599 XIV
2436 2557 2525 2600 sc.
2574 2536 2605 2598 I
2655 2557 2753 2620 gr.

447 2647 608 2709 item
657 2645 942 2708 sabbato
988 2645 1302 2728 proximo
1350 2645 1552 2729 (3os1)
1613 2645 1896 2708 nunccio
1942 2646 2146 2708 ducto
2211 2664 2364 2710 cum
2431 2643 2636 2706 literis
2682 2644 2767 2709 ad
2816 2643 3025 2708 dnum
3096 2645 3366 2729 Regem
3416 2665 3651 2709 versus

447 2750 939 2816 Sandomiriam
987 2772 1111 2834 pro
1159 2752 1476 2836 expensis
1521 2752 1624 2815 VI
1672 2773 1772 2837 gr.

445 2860 608 2922 item
655 2880 778 2942 pro
827 2859 858 2921 Ι
907 2862 1064 2923 vlna
1111 2859 1324 2924 tafthe
1372 2861 1563 2946 nigre
1610 2861 1697 2924 ad
1742 2861 2258 2924 subducendum
2308 2859 2638 2922 cassidem
2685 2857 2799 2922 dni
2846 2858 3069 2942 Regis
3116 2857 3288 2921 VIII
3336 2879 3425 2922 se.

662 2965 947 3032 Summa
992 2967 1136 3031 XII
1186 2987 1388 3032 marc.
1438 2968 1469 3030 Ι
1515 2965 1661 3031 fert.
1707 2966 1852 3048 ΙΙΙ]2
1911 2985 2000 3030 se.

662 3074 836 3138 Item
886 3094 1006 3158 pro
1053 3074 1226 3138 VIII
1272 3075 1638 3159 strigilibus
1684 3073 1857 3138 datis
1907 3075 2292 3138 vectoribus
2337 3075 2677 3158 regalibus
2725 3073 2832 3135 IX
2881 3092 2982 3157 gr.

447 3182 606 3246 item
656 3202 777 3265 pro
824 3180 1078 3245 XXIV
1128 3183 1301 3246 vlnis
1348 3183 1480 3245 tele
1527 3183 1615 3246 ad
1660 3183 2054 3246 thezaurum
2115 3181 2178 3264 ΙΙ,
2229 3201 2430 3246 marc.

408 3363 423 3374 .
449 3291 612 3354 item
659 3309 781 3371 pro
829 3291 1146 3371 expensis
1193 3291 1308 3354 dni
1357 3289 1894 3354 vicethesaurarii
1962 3309 2116 3354 cum
2163 3289 2239 3351 X
2285 3289 2655 3352 sartoribus
2700 3288 2767 3351 in
2815 3298 3037 3352 castro
3088 3287 3513 3352 Cracouiensi
3562 3290 3653 3353 la·

453 3397 846 3462 boi-antibus
893 3408 960 3460 et
1004 3395 1258 3460 familia
1302 3397 1601 3461 thezauri
1643 3396 2067 3479 precedentis
2113 3396 2489 3478 septimane
2536 3396 2603 3459 11
2650 3415 2851 3460 marc.
2900 3393 3073 3458 VIII
3120 3416 3211 3460 sc.

451 3503 612 3568 item
661 3503 996 3568 dominica
1043 3503 1284 3570 Omnis
1331 3515 1508 3569 terra
1555 3506 1614 3586 (3
1635 3505 1758 3588 ιβι)
1786 3501 1829 3587 ¹)
1875 3523 2000 3586 pro
2045 3503 2403 3585 paracione
2451 3502 2551 3564 IV
2608 3502 2867 3584 parium
2916 3513 3377 3587 cyrotecarum
3429 3514 3653 3566 usuta-

453 3632 601 3676 rum
650 3613 788 3676 dno
835 3610 1040 3695 Regi,
1084 3612 1353 3676 racione
1401 3612 1726 3677 mercedis
1773 3622 1842 3674 et
1885 3611 2134 3674 laboris
2191 3611 2254 3692 ¹l2
2312 3630 2515 3675 mare.

451 3719 613 3782 item
660 3739 784 3801 pro
829 3716 959 3782 filis
1005 3720 1317 3784 coloratis
1375 3731 1443 3783 et
1489 3719 1958 3784 communibus
2006 3720 2091 3783 ad
2140 3719 2603 3782 consuendum
2650 3727 2945 3781 tecturas
2993 3717 3290 3781 omnium
3340 3739 3653 3782 curruum

453 3826 784 3912 regalium
832 3829 917 3890 de
965 3827 1162 3912 nigro
1208 3847 1436 3909 panno
1481 3827 1748 3891 sartitas
1793 3829 1879 3890 ad
1926 3827 2293 3908 predictam
2342 3825 2887 3900 conuencionem,
2936 3845 3024 3887 ex
3063 3846 3267 3888 causa
3306 3845 3426 3907 pro
3465 3837 3655 3908 parte

453 3934 568 3997 dni
615 3934 807 3998 ducis
851 3933 1301 4019 Skirgallonis
1345 3935 1712 3998 sartoribus
1757 3934 2101 4018 regalibus
2147 3932 2322 3997 datis
2371 3933 2443 3996 X
2489 3954 2579 3996 sc.

452 4041 616 4105 item
662 4062 787 4124 pro
833 4040 1084 4105 XVIII
1133 4042 1308 4104 vlnis
1353 4042 1556 4124 panni
1603 4041 1778 4125 nigri
1833 4041 2214 4105 Bruslensis
2277 4061 2401 4122 pro
2466 4040 2710 4115 tunica,
2773 4040 3011 4124 >caligis
3073 4049 3142 4104 et
3204 4040 3407 4123 pallio
3454 4061 3659 4122 super

455 4149 836 4231 calepti-am,
883 4147 1265 4231 recipiendo
1314 4151 1540 4212 vlnam
1589 4170 1710 4232 per
1755 4147 1899 4212 XV
1949 4169 2038 4212 se.
2085 4150 2222 4212 dno
2269 4148 2474 4230 Regi,
2521 4168 2787 4212 summa
2832 4146 2988 4211 facit
3033 4148 3143 4210 XI
3190 4168 3390 4211 mare.
3439 4148 3471 4210 I
3509 4148 3655 4211 fert.

456 4255 613 4319 item
659 4276 783 4338 pro
831 4255 1051 4318 resina
1097 4255 1276 4320 dicta
1323 4276 1462 4320 maz
1508 4257 1594 4320 ad
1641 4276 1877 4320 currus
1943 4256 2223 4338 regales
2291 4256 2565 4337 quando
2631 4255 3169 4337 expediebantur
3231 4257 3319 4318 ad
3366 4275 3657 4318 conuen-

453 4362 718 4426 cionem
765 4363 1133 4445 predictam
1183 4373 1253 4428 et
1297 4363 1509 4427 eciam
1557 4383 1680 4446 pro
1727 4364 2002 4426 vasibus
2049 4361 2241 4426 dictis
2289 4361 2608 4425 mazm'cze
2653 4362 2685 4424 I
2732 4383 2933 4426 marc.
2981 4362 3081 4425 ΙΙΙ
3132 4383 3232 4446 gr.

455 4471 614 4532 item
661 4490 786 4553 pro
832 4469 1002 4532 VIII
1070 4470 1344 4554 paribus
1409 4491 1756 4534 ocrearum
1823 4470 2208 4534 vectoribus
2271 4470 2630 4552 regalibuS,
2697 4469 3079 4552 recipiendo
3145 4471 3493 4552 quodlibet
3538 4491 3659 4552 par

455 4597 578 4660 per
623 4577 656 4640 I
701 4577 848 4641 fert.
896 4579 982 4641 ad
1029 4578 1397 4661 predictam
1446 4577 1971 4642 conuencionem
2021 4577 2090 4640 II
2136 4596 2336 4640 marc.

457 4684 616 4748 item
664 4705 788 4767 pro
835 4685 869 4748 1
914 4686 1080 4748 sella
1125 4686 1258 4749 dne
1306 4685 1582 4770 Regine
1626 4683 1933 4769 Vngarie
1980 4685 2298 4747 donanda
2346 4683 2448 4747 III
2497 4704 2699 4748 mare.

458 4790 619 4855 item
665 4811 792 4873 pro
839 4791 1018 4872 1111s,
1081 4793 1252 4856 vlnis
1297 4793 1626 4875 yaxamiti
1672 4792 1870 4855 flauei
1917 4791 2117 4855 lucidi
2183 4793 2266 4856 ad
2317 4794 2688 4874 parandum
2754 4801 3093 4855 tecturam⁴
3148 4792 3449 4873 predicte
3496 4793 3660 4854 selle

458 4899 590 4962 dne
664 4899 898 4982 regine
962 4898 1283 4983 Vngarie,
1348 4900 1730 4983 recipiendo
1796 4900 2022 4963 vinam
2089 4919 2212 4981 per
2258 4900 2288 4961 I
2338 4919 2537 4962 mare.
2585 4909 2653 4962 et
2699 4899 2809 4962 IX
2854 4921 2945 4964 se.
3000 4919 3266 4962 summa
3311 4899 3412 4962 IV
3460 4919 3658 4962 marc.

459 5005 648 5068 XIX
694 5027 783 5070 sc.
833 5006 864 5068 Ι
911 5026 1012 5090 gr.

673 5112 958 5178 Summa
1005 5113 1261 5178 XXVI
1309 5135 1510 5179 marc.
1559 5115 1661 5177 III
1709 5135 1808 5200 gr.

675 5221 844 5285 Item
891 5242 1014 5304 pro
1073 5225 1136 5304 ¹s2
1195 5233 1348 5286 cute
1395 5223 1644 5286 bouina
1691 5223 1775 5286 ad
1821 5221 2173 5305 ligandum
2219 5224 2419 5286 redas
2465 5231 2531 5284 et
2578 5219 2917 5307 nabodrky
2960 5220 3138 5285 XIV
3186 5243 3274 5286 sc.

678 5487 712 5553 ¹)
749 5493 774 5540 I
813 5501 860 5540 ta
897 5491 1131 5542 niedziela
1161 5493 1258 5557 jest
1293 5493 1574 5557 oczywiscie
1611 5491 1868 5557 omylona;
1921 5492 2017 5556 jest
2071 5507 2166 5540 ona
2215 5493 2427 5542 bowiem
2484 5491 2636 5556 druga
2690 5491 2927 5552 niedziela
2964 5507 3030 5556 po
3066 5491 3253 5541 Trzech
3292 5492 3525 5550 Krolach‚
3564 5493 3663 5558 gdy

461 5585 750 5644 tymczasem
789 5597 844 5630 ze
882 5581 1106 5644 wzgledu
1161 5596 1224 5630 na
1277 5582 1570 5645 poprzednie
1622 5583 1637 5630 i
1686 5589 1924 5646 nastqpne
1979 5583 2096 5646 daty
2150 5581 2323 5631 chodzi
2378 5590 2430 5630 tu
2488 5581 2749 5632 widocznie
2786 5598 2819 5630 o
2855 5582 3093 5642 niedziele
3147 5591 3355 5643 czwartq
3390 5598 3456 5647 po
3494 5582 3662 5646 tychze

460 5669 646 5719 Trzech
682 5669 918 5720 Krolach.

672 5792 965 5837 lenimenta
990 5791 1128 5834 medii
1155 5791 1271 5834 uvi.
1300 5791 1352 5834 T.
1379 5789 1474 5834 XV.
3384 5777 3449 5826 28
