4592 6559
1096 549 1474 614 REJESTRA
1523 547 2037 609 PODRZECTWA
2085 533 2743 596 KORczYNSKIEGo.
2804 553 2983 614 1394.
3512 552 3627 612 247

434 773 553 834 pro
600 762 792 814 aceto
841 753 872 814 Ι
921 771 1021 834 gr.
1068 771 1190 832 pro
1237 751 1305 813 ΙΙ
1352 749 1726 812 octualibus
1775 748 2052 811 ceruisie
2100 750 2185 811 de
2244 747 2607 831 Opatouecz
2652 747 2831 810 XIV
2878 745 3060 822 scoti,
3118 746 3309 829 panis
3356 746 3637 830 siliginis

432 871 500 923 et
545 861 739 922 albus
785 859 1108 941 propriuS‚
1157 858 1346 940 equis
1391 857 1733 941 regalibus
1781 867 1848 918 et
1893 855 2306 940 reginalibus
2353 875 2568 917 auene
2634 855 3040 940 generaliter
3095 853 3167 916 X
3218 873 3428 916 mens,
3485 873 3633 934 pro-

433 969 588 1050 prie,
635 967 890 1029 lumina
936 977 1004 1028 et
1048 984 1284 1047 sepum
1333 965 1616 1047 propria,
1665 983 1788 1045 pro
1835 963 2259 1026 licuminibus
2308 962 2409 1024 III
2460 983 2557 1045 gr.

644 1073 927 1137 Summa
975 1073 1102 1136 diei
1150 1071 1329 1136 XIV
1378 1092 1538 1134 mar.
1587 1073 1618 1134 Ι
1667 1093 1766 1155 gr.
1815 1071 1958 1133 XV
2006 1073 2157 1134 den.

644 1182 700 1245 F
705 1183 842 1244 eria
890 1181 957 1243 II
1006 1181 1209 1264 (24s8)
1257 1181 1394 1242 dno
1440 1179 1628 1263 Regi
1674 1181 1760 1241 ad
1809 1179 2195 1260 prandium:
2244 1199 2367 1260 pro
2414 1177 2447 1240 Ι
2494 1179 2671 1240 boue
2709 1177 2899 1240 XIX
2936 1177 3117 1250 scoti,
3168 1197 3287 1258 pro
3328 1175 3429 1238 III
3468 1175 3633 1238 arie-

431 1291 609 1353 tibus
653 1289 806 1369 X¹l2
866 1297 1028 1351 scot.
1096 1307 1217 1369 pro
1276 1307 1487 1369 perna
1531 1286 1699 1349 lardi
1747 1285 1849 1348 VI
1896 1285 2080 1360 scoti,
2146 1305 2268 1366 pro
2316 1285 2417 1348 IV
2466 1284 2725 1368 sugillis
2772 1285 2871 1346 IV
2920 1283 3105 1358 scoti,
3170 1304 3292 1365 pro
3339 1283 3406 1345 II
3453 1283 3637 1345 aucis

430 1398 532 1461 III
580 1407 792 1479 quart.
839 1417 962 1478 pro
1008 1396 1143 1458 XL
1189 1395 1387 1476 pullis
1432 1393 1577 1456 XII
1593 1394 1654 1476 ¹l2
1712 1394 1896 1468 scoti,
1944 1414 2065 1475 pro
2113 1392 2224 1456 CL
2271 1393 2417 1454 ouis
2463 1393 2531 1454 II
2577 1393 2743 1454 scoti
2790 1391 2822 1454 I
2870 1401 3085 1473 quart.
3152 1411 3275 1472 pro
3323 1390 3469 1452 XII
3528 1410 3635 1452 ca-

430 1506 560 1568 seis
607 1505 710 1568 III
757 1525 854 1588 gr.
901 1524 1024 1584 pro
1073 1503 1139 1564 II
1187 1503 1336 1565 ollis
1383 1501 1582 1564 butiri
1628 1501 1786 1563 VII·
1815 1521 1910 1584 gr.
1979 1521 2101 1582 pro
2148 1503 2321 1563 lacte
2371 1509 2439 1562 et
2485 1519 2711 1562 crema
2767 1499 2869 1561 III
2917 1498 3099 1572 scoti,
3168 1518 3291 1580 pro
3357 1498 3502 1580 piso
3568 1509 3635 1560 et

430 1613 627 1676 mileo
675 1610 742 1672 V
790 1633 887 1695 gr.
936 1631 1058 1693 pro
1105 1621 1298 1673 aceto
1338 1610 1369 1671 Ι
1417 1619 1578 1672 scot.
1624 1629 1747 1690 pro
1793 1609 2200 1690 petrozelino
2247 1617 2316 1670 et
2352 1607 2818 1670 cucumeribus
2855 1607 2888 1667 Ι
2927 1627 3025 1688 gr.
3074 1605 3139 1667 V
3172 1607 3320 1669 den.
3370 1625 3492 1687 pro
3532 1604 3635 1666 ΙΙΙ

431 1721 804 1784 octualibus
849 1719 1126 1781 ceruisie
1172 1718 1360 1781 XXI
1407 1717 1594 1791 scoti,
1641 1717 1830 1798 panis
1875 1716 2158 1801 siliginis
2205 1726 2272 1778 et
2320 1715 2513 1777 albus
2559 1710 2883 1797 proprius,

639 1827 792 1889 Dne
841 1827 1113 1910 Regine
1161 1827 1249 1888 ad
1295 1825 1684 1906 prandium:
1732 1845 1854 1907 pro
1900 1844 2110 1887 vacca
2159 1821 2407 1884 XVIII
2456 1821 2635 1897 scoti,
2684 1842 2807 1903 pro
2846 1821 2912 1883 II
2945 1820 3248 1884 castratis
3281 1819 3418 1882 VII
3447 1821 3633 1894 scoti,

431 1956 550 2018 pro
598 1935 666 1997 II
713 1935 972 2018 sugillis
1016 1934 1084 1995 II
1133 1933 1316 2008 scoti,
1363 1952 1486 2014 pro
1533 1932 1636 1994 IV
1683 1931 1867 1995 aucis
1913 1932 2016 1994 III
2065 1952 2163 2015 gr.
2211 1951 2335 2012 pro
2381 1930 2516 1992 XL
2561 1928 2760 2012 pullis
2790 1927 3038 1990 XVIII
3067 1927 3235 1991 scoti
3288 1927 3390 1990 III
3420 1939 3635 2010 quart.

429 2063 552 2124 pro
599 2041 710 2106 CL
756 2041 901 2104 ouis
939 2041 1007 2104 II
1053 2041 1220 2104 scoti
1269 2040 1300 2101 Ι
1347 2051 1559 2122 quart.
1628 2060 1748 2121 pro
1797 2037 1969 2101 VIII
2016 2038 2229 2102 caseis
2286 2038 2319 2100 I
2366 2047 2529 2116 scot.
2594 2057 2717 2119 pro
2781 2038 2917 2098 olla
2980 2035 3181 2097 butiri
3231 2035 3296 2096 V
3346 2056 3444 2118 gr.
3510 2056 3633 2117 pro

428 2151 601 2213 lacte
649 2159 716 2212 et
763 2169 988 2211 crema
1035 2148 1100 2208 V
1151 2168 1250 2232 gr.
1299 2167 1422 2228 pro
1469 2148 1616 2228 piso
1664 2156 1733 2209 et
1779 2143 1978 2209 mileo
2027 2145 2130 2208 III
2177 2145 2364 2219 scoti,
2412 2164 2534 2225 pro
2582 2154 2775 2207 aceto
2822 2143 2855 2204 I
2904 2162 3003 2226 gr.
3060 2163 3183 2223 pro
3228 2142 3403 2223 piris,
3451 2143 3633 2205 nuci-

429 2261 556 2320 bus
603 2269 671 2320 et
715 2257 1122 2338 petrozelino
1172 2255 1272 2318 III
1322 2275 1421 2338 gr.
1469 2254 1571 2316 IV
1618 2256 1768 2317 den.
1833 2275 1955 2337 pro
2002 2253 2105 2316 III
2153 2252 2530 2315 octualibus
2596 2251 2873 2313 ceruisie
2941 2249 3126 2310 XXI
3190 2251 3374 2326 scoti,
3442 2250 3633 2332 panis

428 2365 710 2448 siliginis
755 2364 857 2425 VI
904 2384 1138 2446 sexag.
1188 2363 1320 2425 albi
1381 2361 1444 2442 ¹1²2
1502 2382 1738 2446 sexag.
1786 2361 2070 2444 propria.

642 2472 816 2534 Duci
864 2469 1288 2555 Scargelloni
1331 2469 1398 2531 in
1447 2470 1694 2551 paratis
1741 2472 1828 2531 ad
1874 2478 2086 2532 totam
2137 2469 2313 2531 diem
2364 2467 2430 2529 ΙΙ
2480 2487 2639 2529 mar.

641 2579 797 2642 Dno
847 2578 1173 2641 Dimetrio
1221 2579 1285 2640 in
1334 2577 1580 2659 paratis
1626 2577 1735 2638 XI
1783 2597 1880 2660 gr.

641 2687 797 2749 Dno
843 2686 1033 2770 Regi
1079 2687 1165 2748 ad
1212 2705 1486 2748 cenam:
1533 2705 1655 2767 pro
1703 2705 1912 2747 vacca
1959 2683 2209 2745 XVIII
2256 2683 2441 2758 scoti,
2489 2703 2610 2764 pro
2660 2682 2761 2744 III
2810 2682 3113 2744 castratis
3161 2681 3518 2744 excoriatis
3557 2681 3631 2742 X

427 2795 608 2868 scoti,
659 2814 780 2876 pro
828 2793 930 2856 IV
978 2793 1160 2856 aucis
1207 2793 1308 2854 III
1357 2814 1454 2876 gr.
1522 2813 1643 2874 pro
1709 2793 1842 2854 XL
1906 2791 2105 2873 pullis
2171 2791 2391 2869 X111l2
2450 2789 2633 2860 scoti,
2702 2809 2824 2870 pro
2873 2787 2985 2851 CL
3048 2789 3195 2851 ouis
3262 2789 3329 2850 ΙΙ
3385 2789 3552 2851 scoti
3598 2789 3629 2850 I

429 2912 640 2984 quart.
687 2923 808 2984 pro
858 2901 933 2963 X
979 2901 1191 2965 caseis
1240 2901 1343 2962 III
1392 2921 1489 2985 gr.
1537 2920 1660 2982 pro
1709 2900 1842 2962 olla
1888 2900 2087 2962 butiri
2135 2899 2201 2961 II
2249 2898 2433 2972 scoti,
2482 2918 2605 2980 pro
2653 2900 2828 2960 lacte
2876 2907 2944 2959 et
2990 2917 3217 2960 crema
3257 2896 3320 2958 V
3361 2918 3461 2980 gr.
3507 2918 3629 2979 pro

428 3010 586 3090 piris
633 3019 700 3072 et
747 3009 1030 3072 nucibus
1075 3009 1109 3070 Ι
1157 3029 1257 3093 gr.
1306 3008 1417 3070 XI
1463 3010 1611 3070 den.
1660 3028 1781 3089 pro
1830 3007 1933 3070 III
1981 3006 2355 3069 octualibus
2402 3005 2681 3068 ceruisie
2728 3001 2915 3068 XXI
2962 3005 3147 3067 scoti.

641 3118 794 3179 Dne
841 3115 1116 3200 Regine
1163 3118 1250 3178 ad
1297 3136 1569 3178 cenam:
1636 3136 1758 3196 pro
1805 3135 2014 3178 vacca
2060 3113 2274 3176 XVII
2321 3113 2503 3187 scoti,
2572 3133 2695 3195 pro
2759 3112 2826 3175 II
2892 3113 3195 3175 castratis
3243 3112 3380 3174 VII
3446 3112 3631 3187 scoti,

427 3244 547 3306 pro
593 3225 722 3286 LX
771 3224 971 3306 pullis
1017 3222 1267 3285 XVIII
1314 3223 1478 3284 scoti
1528 3223 1631 3286 III
1677 3231 1888 3306 quart.
1937 3243 2058 3304 pro
2106 3221 2218 3284 CL
2264 3221 2410 3284 ouis
2460 3221 2527 3292 II
2574 3221 2741 3283 scoti
2789 3220 2821 3281 I
2868 3231 3082 3303 quart.
3130 3239 3251 3301 pro
3299 3219 3371 3281 X
3422 3219 3631 3282 caseis

429 3331 570 3412 II¹l2
630 3353 726 3414 gr.
774 3352 898 3413 pro
945 3333 1080 3394 olla
1124 3331 1326 3394 butiri
1374 3330 1440 3392 ΙΙ
1486 3331 1656 3394 scoti
1702 3331 1733 3392 I
1781 3339 1994 3413 quart.
2041 3349 2164 3411 pro
2211 3331 2386 3392 lacte
2434 3337 2502 3390 et
2540 3347 2763 3391 crema
2802 3327 2869 3390 II
2907 3327 3092 3402 scoti,
3138 3347 3260 3408 pro
3298 3327 3471 3409 piriS‚
3510 3347 3630 3389 nu·

430 3439 616 3502 cibus
663 3448 730 3501 et
774 3438 1134 3520 petrozelio
1181 3438 1284 3500 III
1333 3459 1430 3522 gr.
1499 3437 1600 3499 IV
1647 3439 1795 3501 den.
1862 3457 1985 3520 pro
2051 3436 2121 3499 II
2179 3436 2555 3500 octualibus
2619 3434 2898 3498 ceruisie
2964 3433 3142 3496 XIV
3190 3435 3375 3508 scoti,
3443 3433 3633 3516 equis

429 3546 726 3629 utrisque
773 3567 988 3608 auene
1034 3546 1109 3609 X
1158 3567 1364 3609 mens,
1411 3545 1694 3628 proprie,
1740 3544 1988 3619 fenum,
2036 3544 2360 3628 gramina,
2409 3563 2663 3625 sepum,
2712 3541 2966 3605 lumina
3012 3542 3299 3623 propria.

642 3651 926 3716 Summa
971 3653 1102 3716 diei
1147 3653 1291 3716 XV
1339 3673 1500 3716 mar.
1551 3652 1651 3715 111
1698 3673 1796 3736 gr.

642 3761 838 3825 Feria
884 3760 987 3824 ΙΙΙ
1036 3761 1236 3844 (25s8)
1285 3762 1420 3824 dno
1469 3761 1653 3844 Regi
1701 3762 1789 3822 ad
1835 3759 2224 3841 prandium:
2289 3755 2593 3840 pro'vna
2638 3777 2848 3819 vacca
2904 3755 3091 3818 XIX
3138 3757 3326 3830 scoti,
3392 3775 3515 3838 pro
3564 3756 3629 3818 II

428 3869 730 3934 castratis
762 3869 895 3932 VII
941 3868 1126 3942 scoti,
1173 3889 1296 3951 pro
1342 3889 1550 3950 perna
1595 3868 1765 3930 lardi
1794 3866 1896 3929 VI
1942 3866 2127 3940 scoti,
2173 3886 2295 3948 pro
2344 3864 2446 3928 IV
2494 3864 2676 3926 aucis
2727 3864 2906 3943 1111s2
2958 3884 3059 3947 gr.
3099 3883 3221 3945 pro
3259 3864 3393 3926 XL
3429 3863 3629 3945 pullis

429 3977 572 4040 XII
589 3977 650 4058 ¹l2
707 3977 893 4052 scoti,
939 3997 1062 4059 pro
1109 3975 1392 4038 LXXX
1441 3975 1587 4038 ouis
1634 3975 1665 4037 I
1712 3985 1872 4038 scot.
1921 3973 2022 4036 IV
2071 3975 2220 4036 den.
2267 3993 2390 4055 pro
2438 3970 2537 4033 IV
2586 3971 2795 4034 caseis
2843 3971 2874 4032 Ι
2912 3991 3009 4054 gr.
3058 3991 3178 4052 pro
3218 3970 3285 4032 II
3322 3971 3471 4033 ollis
3509 3972 3631 4032 bu·

429 4087 534 4148 tiri
581 4085 760 4166 V1¹s2
819 4106 916 4169 gr.
963 4105 1083 4167 pro
1131 4085 1304 4147 lacte
1352 4095 1419 4146 et
1467 4103 1692 4146 crema
1743 4082 1875 4145 VII
1923 4103 2020 4166 gr.
2067 4103 2192 4164 pro
2239 4090 2432 4144 aceto
2480 4089 2547 4141 et
2595 4079 2793 4141 mileo
2841 4078 2872 4140 I
2920 4089 3079 4141 scot.
3128 4097 3250 4160 pro
3298 4078 3401 4140 III
3447 4087 3631 4140 octu-

431 4195 646 4257 alibus
692 4193 972 4257 ceruisie
1019 4192 1207 4255 XXI
1253 4193 1437 4255 scoti.

641 4301 797 4363 Dne
844 4300 1118 4384 Regine
1166 4301 1250 4363 ad
1299 4299 1687 4382 prandium:
1735 4318 1856 4379 pro
1903 4316 2112 4360 vacca
2156 4292 2373 4359 XVII
2386 4297 2448 4376 ¹l2
2499 4294 2682 4369 scoti,
2730 4315 2851 4376 pro
2881 4294 2949 4356 II
2979 4293 3282 4356 castratis
3316 4293 3417 4355 VI
3446 4293 3631 4368 scoti,

430 4430 549 4491 pro
595 4410 629 4471 I
675 4408 920 4492 sugillo
969 4408 1002 4470 Ι
1048 4417 1211 4470 scot.
1256 4427 1378 4489 pro
1426 4405 1526 4468 IV
1575 4405 1758 4468 aucis
1807 4405 1906 4467 III
1922 4405 1984 4485 ¹1²2
2045 4425 2144 4488 gr.
2192 4425 2315 4486 pro
2361 4404 2495 4466 XL
2541 4402 2741 4484 pullis
2782 4400 2928 4463 XII
2943 4401 3005 4482 ¹s2
3052 4421 3151 4484 gr.
3191 4421 3314 4482 pro
3344 4400 3457 4464 CL
3486 4401 3632 4464 ouis

431 4517 462 4578 I
509 4526 670 4579 scot.
718 4516 750 4578 I
799 4536 981 4598 quar.
1047 4536 1172 4597 pro
1218 4514 1328 4577 XI
1375 4513 1586 4576 caseis
1649 4513 1681 4575 I
1728 4523 1891 4576 scot.
1957 4511 2100 4575 XII
2149 4514 2298 4575 den.
2364 4531 2486 4593 pro
2553 4512 2685 4573 olla
2749 4507 2948 4570 butiri
2997 4506 3064 4569 II
3110 4507 3277 4570 scoti
3327 4507 3430 4569 VI
3477 4510 3625 4571 den.

429 4645 554 4706 pro
600 4626 774 4686 lacte
821 4633 890 4686 et
935 4643 1160 4685 crema
1205 4621 1343 4683 VII
1390 4642 1488 4705 gr.
1535 4641 1658 4703 pro
1705 4629 1896 4683 aceto
1944 4619 1975 4681 I
2025 4640 2123 4704 gr.
2189 4639 2313 4701 pro
2360 4617 2517 4699 piris
2564 4626 2631 4680 et
2677 4614 2997 4698 prunellis
3045 4613 3148 4677 III
3196 4635 3296 4698 gr.
3361 4635 3482 4696 pro
3530 4614 3631 4675 III

434 4732 809 4795 octualibus
856 4730 1133 4794 ceruisie
1181 4729 1368 4793 XXI
1415 4729 1601 4793 scoti.

645 4839 820 4902 Duci
867 4837 1288 4922 Scargelloni
1335 4838 1400 4899 in
1449 4836 1695 4918 paratis
1743 4835 1809 4897 II
1857 4855 2016 4897 mar.

646 4948 801 5010 Dno
848 4947 1174 5010 Dimetrio
1223 4946 1385 5027 (pro)
1434 4945 1676 5008 octuali
1724 4941 2000 5005 ceruisie
2049 4941 2415 5004 VVislicien.
2471 4938 2580 5001 XI
2626 4939 2811 5012 scoti,
2877 4937 3243 5002 falconistis
3307 4958 3428 5019 pro
3493 4957 3633 5000 car-

433 5055 629 5119 nibus
675 5055 742 5118 ΙΙ
789 5055 971 5118 scoti.

645 5163 804 5226 Dno
849 5161 1037 5245 Regi
1083 5162 1170 5223 ad
1216 5180 1488 5223 cenam:
1537 5179 1659 5242 pro
1706 5178 1916 5221 vacca
1961 5156 2209 5219 XVIII
2257 5155 2426 5219 scoti
2474 5157 2506 5218 I
2546 5175 2643 5238 gr.
2682 5174 2805 5236 pro
2854 5153 2919 5214 ΙΙ
2952 5153 3257 5216 castratis
3286 5152 3423 5215 VII
3450 5153 3635 5222 scoti.
3715 5222 3718 5225 ,

431 5291 551 5354 pro
599 5271 631 5333 I
679 5270 925 5353 sugillo
972 5269 1004 5331 I
1051 5279 1213 5331 scot.
1262 5287 1382 5349 pro
1429 5267 1562 5329 XL
1608 5266 1753 5329 ouis
1800 5266 1833 5326 Ι
1880 5285 1978 5348 gr.
2025 5284 2148 5345 pro
2197 5263 2331 5325 XL
2377 5263 2576 5344 pullis
2623 5261 2845 5342 X111s2
2895 5261 3081 5335 scoti,
3128 5281 3251 5342 pro
3280 5260 3382 5322 VI
3421 5261 3633 5321 caseis

430 5379 530 5441 III
577 5389 791 5460 quart.
857 5397 980 5458 pro
1045 5377 1179 5438 olla
1241 5375 1440 5439 butiri
1485 5374 1554 5436 V
1601 5396 1698 5459 gr.
1764 5392 1884 5455 pro
1947 5374 2122 5435 lacte
2185 5381 2252 5432 et
2317 5391 2541 5432 crema
2606 5369 2673 5431 II
2738 5369 2933 5442 scoti,
2998 5388 3122 5450 pro
3186 5378 3377 5431 aceto
3450 5369 3476 5428 I
3537 5388 3634 5450 gr.

431 5506 553 5568 pro
618 5485 1026 5567 pen-ozelino
1091 5483 1190 5546 IV
1239 5484 1389 5545 den.
1453 5503 1578 5564 pro
1644 5480 2113 5544 cucumeribus
2179 5478 2210 5540 I
2277 5489 2491 5560 quart.
2556 5497 2679 5559 pro
2745 5477 2847 5538 III
2916 5475 3293 5539 octualibus
3361 5475 3636 5536 ceruisic

431 5593 616 5656 XXI
664 5593 848 5656 scoti.

641 5702 798 5765 Dne
846 5700 1121 5784 Regine
1169 5700 1254 5761 ad
1302 5719 1572 5762 cenam:
1639 5718 1760 5779 pro
1809 5716 2017 5758 vacca
2065 5693 2314 5757 XVIII
2358 5694 2543 5768 scoti,
2608 5713 2731 5775 pro
2793 5693 2859 5754 II
2908 5691 3216 5755 castratis
3271 5690 3328 5751 V
3342 5691 3402 5752 ΙΙ
3452 5689 3635 5754 scoti,
