4592 6559
939 508 1318 574 REJESTRA
1365 509 1630 574 STACYJ
1676 509 1968 560 DWORU
2014 497 2280 560 KROLA
2329 511 2357 559 1
2404 497 2839 576 KaoLowEJ.
2900 517 3018 576 140
3024 517 3079 576 52
3496 516 3617 578 305

423 709 608 784 scoti,
654 710 814 772 item
861 730 982 792 pro
1029 711 1186 792 piris
1233 721 1300 772 et
1347 711 1564 793 pomis
1610 710 1678 772 II
1715 711 1898 786 scoti,
1947 711 2104 774 item
2153 731 2275 792 pro
2315 710 2418 773 III
2457 711 2833 774 octualibus
2870 711 3149 774 ceruisie
3188 713 3274 774 de
3328 709 3626 774 Πᾶς-[εἰτὸ

425 837 546 899 per
592 816 762 879 VIII
811 837 900 881 sc.
948 817 979 879 I
1029 837 1188 881 mar.

637 923 808 987 Item
857 925 1010 988 duci
1057 923 1566 1006 Swidrigaloni:
1631 924 1792 988 item
1859 945 1982 1006 pro
2030 925 2060 987 Ι
2109 945 2353 1006 pecore
2418 924 2449 988 I
2499 945 2657 987 mar.
2724 925 2881 987 item
2948 944 3069 1006 pro
3138 924 3364 988 XXX
3431 924 3629 1006 pullis

429 1030 641 1112 V111j„
699 1033 884 1104 scoti,
929 1032 1086 1096 item
1136 1053 1258 1114 pro
1305 1031 1372 1094 ΙΙ
1421 1032 1604 1094 aucis
1654 1031 1683 1093 I
1731 1045 1892 1094 scot.
1938 1033 2097 1094 item
2148 1052 2268 1114 pro
2318 1033 2523 1096 ariete
2575 1032 2677 1094 ΠΙ
2726 1033 2910 1102 scoti.
2966 1033 3127 1094 item
3175 1052 3297 1112 pro
3346 1030 3397 1094 C
3448 1051 3627 1093 owo-

425 1159 572 1202 rum
622 1139 732 1218 1¹!'2
791 1151 951 1202 scot.
999 1140 1159 1202 item
1209 1159 1329 1220 pro
1378 1140 1408 1202 I
1456 1141 1588 1201 olla
1635 1139 1832 1202 butiri
1882 1139 1983 1201 ΙΙΙ
2031 1140 2213 1212 scoti,
2281 1140 2441 1201 item
2490 1159 2613 1220 pro
2662 1139 2726 1200 II
2776 1139 3151 1202 octualibus
3218 1138 3495 1200 ceruisie
3545 1139 3628 1200 de

449 1245 746 1310 Wklz'cz'a
792 1267 912 1329 per
956 1246 1126 1310 VIII
1173 1257 1334 1310 scot.
1385 1245 1561 1308 XVI
1609 1266 1697 1310 sc.

641 1353 812 1416 Item
860 1354 1010 1416 duci
1061 1354 1374 1417 Bolconi:
1423 1355 1580 1416 item
1629 1375 1751 1435 pro
1800 1354 1831 1416 Ι
1880 1355 2164 1438 quai-tali
2211 1354 2509 1417 carnium
2550 1353 2650 1416 IV
2680 1354 2865 1422 scoti,
2904 1355 3061 1416 item
3093 1374 3213 1434 pro
3244 1352 3386 1415 XII
3418 1352 3631 1435 pulliS‚

430 1461 709 1543 quilibet
752 1462 974 1544 pullus
1021 1482 1143 1542 per
1199 1461 1262 1540 Ἃ.
1321 1482 1419 1544 gr.
1485 1460 1644 1523 facit
1692 1461 1793 1524 III
1841 1460 2027 1530 scoti.
2091 1462 2248 1524 item
2318 1482 2441 1543 pro
2488 1461 2521 1522 I
2568 1463 2772 1524 ariete
2818 1461 2921 1522 IV
2970 1461 3156 1531 scoti,
3220 1462 3377 1522 item
3428 1480 3551 1540 pro
3598 1459 3631 1520 I

427 1570 632 1632 ariete
681 1568 782 1631 IV
820 1568 1002 1641 scoti,
1051 1553 1210 1631 item
1257 1589 1380 1650 pro
1429 1569 1458 1629 I
1507 1568 1752 1632 octuali
1802 1567 2078 1632 ceruisie
2126 1571 2212 1632 de
2282 1567 2581 1632 Wzlrlz'cz'a
2628 1583 2857 1650 empto
2906 1569 3075 1631 VIII
3124 1569 3309 1631 scoti.

643 1675 813 1739 Item
863 1677 1016 1738 duci
1065 1676 1446 1738 Bernardo:
1513 1676 1672 1738 item
1740 1695 1860 1757 pro
1911 1675 1940 1737 Ι
1990 1677 2276 1758 quartali
2326 1675 2623 1738 carnium
2686 1676 2786 1738 III
2835 1677 3018 1750 scoti,
3083 1677 3243 1738 item
3310 1697 3431 1757 pro
3489 1675 3631 1738 XII

430 1784 626 1866 pullis
673 1784 774 1845 111
823 1784 1004 1857 scoti,
1053 1783 1214 1846 item
1261 1804 1384 1865 pro
1431 1785 1636 1846 ariete
1683 1793 1987 1846 scoreato
2044 1783 2223 1864 ΙΙΙΙΙ2
2283 1786 2467 1854 scoti,
2534 1785 2691 1848 item
2760 1806 2880 1867 pro
2949 1784 2981 1846 Ι
3047 1786 3291 1848 octuali
3356 1783 3633 1846 ceruisie

433 1891 529 1953 VI
575 1893 762 1955 scoti.

643 1999 814 2062 Item
864 1999 1018 2061 duci
1065 1997 1502 2081 Sigismundo
1550 2019 1703 2062 cum
1753 1997 1982 2062 Graba
2028 1999 2236 2080 ipsius
2279 2000 2499 2062 socio:
2548 1999 2705 2062 item
2754 2021 2875 2082 pro
2926 2000 2953 2060 I
3004 2001 3291 2081 quai-tali
3330 1999 3633 2061 carnium

429 2105 528 2168 IV
575 2106 760 2180 scoti,
807 2107 968 2168 item
1016 2125 1138 2187 pro
1185 2105 1286 2166 VI
1334 2105 1531 2186 pullis
1577 2105 1686 2184 1¹f2
1743 2117 1907 2168 scot.
1945 2106 2102 2168 item
2148 2125 2268 2187 pro
2308 2107 2513 2168 ariete
2552 2107 2648 2168 ΙΙΙ
2693 2107 2876 2179 scoti,
2916 2106 3073 2168 item
3114 2127 3235 2190 pro
3287 2107 3348 2185 ἧς
3390 2105 3635 2169 octuali

431 2214 709 2278 ceruisie
757 2213 859 2276 III
908 2213 1090 2277 scoti.

645 2322 818 2384 Item
866 2322 1002 2384 dno
1050 2320 1482 2382 marsalconi:
1549 2319 1706 2382 item
1773 2340 1896 2401 pro
1961 2320 2028 2383 II
2075 2321 2489 2403 quai-talibus
2536 2322 2833 2384 carnium
2884 2321 2984 2382 VI
3042 2322 3222 2394 scoti,
3290 2321 3447 2382 item
3514 2340 3637 2401 pro

432 2429 496 2492 II
545 2430 742 2512 pullis
791 2429 890 2492 III
937 2429 1122 2504 scoti,
1169 2429 1328 2490 item
1377 2449 1500 2510 pro
1547 2429 1756 2491 ariete
1803 2427 1902 2491 IV
1952 2428 2134 2502 scoti,
2201 2428 2357 2490 item
2426 2449 2548 2509 pro
2606 2429 2636 2490 I
2687 2429 2931 2490 octuali
2979 2428 3255 2490 ceruisie
3304 2427 3403 2488 VI
3450 2427 3633 2490 scoti.

645 2536 814 2599 Item
865 2538 1000 2599 dno
1047 2535 1110 2597 Ν
1113 2537 1330 2598 icolao
1377 2535 1957 2599 vicecancellario:
2006 2536 2163 2598 item
2213 2555 2337 2616 pro
2384 2535 2449 2598 ΙΙ
2497 2535 2913 2618 quartalibus
2960 2535 3259 2597 carnium
3310 2533 3411 2596 VI
3446 2533 3631 2606 scoti,

432 2645 588 2708 item
636 2664 760 2725 pro
808 2643 950 2706 XII
998 2643 1194 2724 pullis
1231 2643 1343 2741 ὅΙΙΙ
1391 2645 1574 2717 scoti,
1622 2643 1780 2706 item
1830 2663 1952 2726 pro
1998 2645 2203 2706 ariete
2251 2643 2353 2705 III
2400 2644 2581 2717 scoti,
2631 2644 2789 2705 item
2838 2663 2959 2724 pro
3002 2641 3029 2704 I
3071 2643 3316 2705 octuali
3356 2641 3633 2704 ceruisie

432 2751 534 2813 VI
581 2752 765 2814 scoti.

646 2859 814 2921 Item
867 2859 1210 2920 Ruthenis
1257 2868 1326 2920 et
1371 2856 1736 2921 falconistis
1783 2878 1938 2922 cum
1991 2857 2132 2920 aliis
2181 2858 2475 2920 Poloniis
2540 2878 2743 2939 super
2806 2858 3012 2920 diaria
3077 2858 3409 2939 ipsorum:
3475 2857 3634 2918 item

433 2987 554 3048 pro
605 2967 668 3028 11
717 2966 1070 3048 pecoribus
1113 2965 1432 3028 scoreatis
1479 2965 1663 3028 XXI
1711 2965 1894 3038 scoti,
1941 2966 2100 3026 item
2151 2987 2270 3046 pro
2322 2966 2387 3028 II
2435 2966 2749 3028 arietibus
2788 2965 2887 3027 VI
2924 2965 3110 3037 scoti,
3150 2965 3310 3027 item
3352 2985 3473 3046 pro
3504 2963 3635 3026 LX

435 3076 632 3156 pullis
680 3084 746 3135 et
791 3094 992 3154 super
1037 3073 1336 3136 falcones
1383 3075 1790 3154 exponendo
1839 3073 1980 3134 XV
2028 3074 2209 3146 scoti,
2275 3074 2433 3136 item
2504 3094 2625 3154 pro
2674 3073 2739 3134 II
2788 3073 3161 3135 octualibus
3228 3072 3505 3135 ceruisie
3554 3074 3637 3134 de

458 3179 754 3245 Waeklz'cia
799 3202 920 3262 per
966 3180 1137 3244 VIII
1182 3201 1272 3244 sc.
1319 3179 1474 3242 facit
1523 3180 1554 3242 I
1603 3200 1764 3242 mar.

652 3289 820 3352 Item
871 3292 1006 3352 dno
1057 3289 1244 3372 Regi
1291 3290 1376 3350 ad
1425 3308 1696 3351 cenam:
1745 3289 1902 3350 item
1953 3307 2074 3368 pro
2122 3307 2365 3370 pecore
2406 3289 2623 3350 XXII
2662 3289 2844 3362 scoti,
2892 3289 3051 3352 item
3090 3309 3213 3370 pro
3254 3289 3383 3352 LX
3423 3288 3637 3370 pullis,
3714 3309 3717 3314 ·

437 3397 717 3480 quilibet
763 3399 984 3479 pullus
1031 3416 1151 3478 per
1211 3397 1272 3474 ἧς,
1317 3417 1415 3479 gr.
1461 3395 1620 3458 facit
1667 3395 1810 3457 XV
1858 3408 2018 3458 scot.
2078 3397 2234 3457 item
2283 3415 2407 3476 pro
2443 3396 2536 3456 [V
2568 3396 2751 3458 aucis
2780 3397 2847 3458 11
2877 3396 3062 3468 scoti,
3089 3397 3250 3458 item
3291 3396 3357 3458 II
3396 3396 3637 3458 arietes

435 3505 700 3587 proprii,
744 3506 904 3568 item
935 3525 1075 3586 *pro
1125 3503 1234 3565 IIC
1283 3523 1584 3566 oworum
1635 3503 1736 3565 III
1784 3504 1968 3574 scoti,
2033 3504 2195 3565 item
2261 3525 2383 3584 pro
2448 3505 2619 3566 lacte
2685 3513 2751 3564 et
2817 3523 3045 3566 crema
3092 3502 3188 3564 IV
3237 3503 3419 3576 scoti,
3476 3503 3635 3565 item

437 3633 558 3694 pro
607 3612 747 3674 XII
795 3612 1004 3674 caseis
1053 3611 1082 3673 I
1130 3621 1292 3674 scot.
1339 3612 1496 3673 item
1549 3630 1670 3690 pro
1721 3610 1784 3672 II
1832 3611 1979 3673 ollis
2028 3611 2224 3673 butiri
2267 3611 2366 3672 VI
2404 3610 2586 3682 scoti,
2634 3611 2791 3673 item
2834 3610 2933 3672 VI
2964 3629 3319 3692 capponeS,
3358 3610 3637 3692 quilibet

441 3739 658 3802 cappo
703 3741 825 3800 per
869 3719 978 3798 1¹s,
1040 3739 1137 3802 gr.
1185 3718 1286 3782 IV
1334 3739 1423 3781 sc.
1473 3719 1503 3780 I
1552 3739 1650 3802 gr.
1717 3719 1876 3780 item
1937 3738 2058 3798 pro
2109 3718 2137 3778 Ι
2186 3739 2395 3799 perna
2440 3718 2607 3780 lardi
2656 3717 2825 3779 VIII
2893 3717 3075 3788 scoti,
3140 3717 3297 3780 item
3364 3737 3487 3800 pro
3540 3716 3636 3779 VI

441 3827 813 3890 octualibus
859 3826 1136 3890 ceruisie
1183 3827 1268 3888 de
1337 3823 1634 3889 Wzlvlz'czh
1681 3826 2097 3907 comparatiS‚
2147 3824 2305 3888 facit
2353 3825 2461 3904 1¹52
2513 3845 2673 3888 τηατ.

651 3935 821 3997 Item
869 3936 1002 3997 dne
1051 3934 1324 4017 Regine
1372 3935 1456 3996 ad
1505 3953 1776 3996 cenam:
1825 3933 1984 3994 item
2033 3953 2154 4014 pro
2203 3932 2305 3995 III
2353 3933 2769 4015 quartalibus
2816 3931 3131 4004 carnium,
3198 3932 3354 4014 quia
3419 3932 3637 3994 adhuc

437 4044 522 4105 de
567 4042 784 4125 primo
830 4062 1074 4124 pecore
1121 4061 1276 4124 pars
1322 4051 1752 4110 remanserat,
1803 4039 1910 4101 XI
1958 4040 2142 4112 scoti,
2205 4040 2363 4102 item
2422 4061 2544 4122 pro
2602 4039 2735 4102 XL
2780 4040 2979 4122 pullis
3026 4039 3099 4101 X
3148 4040 3331 4112 scoti,
3397 4038 3555 4101 item
3605 4039 3636 4100 I

437 4150 606 4214 aries
651 4149 978 4231 proprius,
1023 4149 1184 4212 item
1232 4167 1353 4230 pro
1400 4148 1466 4210 ΙΙ
1516 4148 1698 4210 aucis
1745 4147 1776 4209 I
1823 4156 1986 4210 scot.
2051 4147 2210 4209 item
2277 4167 2400 4228 pro
2448 4147 2499 4208 C
2548 4166 2849 4209 oworum
2901 4147 3009 4226 ΙΙΙ,Ξ
3066 4157 3227 4208 scot.
3292 4146 3450 4209 item
3515 4165 3637 4227 pro

440 4256 471 4319 Ι
519 4258 652 4320 olla
697 4256 898 4319 butiri
944 4255 1044 4318 IV
1093 4256 1276 4329 scoti,
1325 4255 1482 4317 item
1533 4276 1656 4337 pro
1703 4257 1878 4318 lacte
1927 4267 1994 4316 et
2040 4275 2265 4317 crema
2313 4254 2412 4315 VI
2461 4254 2645 4328 scoti,
2710 4254 2866 4315 item
2938 4274 3057 4334 pro
3104 4253 3261 4334 piris
3308 4263 3375 4316 et
3420 4252 3637 4334 pomis

439 4363 540 4426 VI
591 4365 777 4436 scoti,
823 4364 979 4426 item
1028 4383 1149 4444 pro
1199 4363 1298 4425 III
1347 4363 1722 4426 octualibus
1768 4362 2048 4424 ceruisie
2094 4363 2178 4424 de
2239 4359 2538 4424 WtLvlz'cz'a
2584 4381 2705 4442 per
2752 4360 2924 4422 VIII
2972 4381 3061 4422 sc,
3110 4360 3139 4423 I
3188 4380 3348 4423 mar.

652 4470 936 4534 Summa
982 4470 1158 4533 diete
1208 4470 1350 4532 XX
1405 4490 1567 4532 mar.
1617 4468 1791 4531 XVI
1840 4469 2023 4532 scoti.

655 4579 822 4641 Item
870 4577 1032 4642 feria
1079 4577 1180 4640 VI
1229 4579 1429 4659 (21s8)
1477 4578 1613 4638 dno
1659 4576 1846 4658 Regi
1903 4577 1990 4637 ad
2038 4575 2425 4657 prandium:
2490 4575 2648 4636 item
2715 4595 2836 4656 pro
2900 4574 3195 4657 piscibus
3258 4575 3637 4637 recentibus

438 4685 506 4748 II
553 4705 713 4748 τηατ.
761 4687 918 4749 item
969 4705 1092 4768 pro
1138 4685 1430 4767 piscibus
1474 4682 1821 4765 stracfusz,
1872 4702 2158 4764 quorum
2209 4681 2311 4744 IV
2357 4701 2704 4764 sexagene
2751 4702 2872 4764 per
2920 4681 3020 4744 III
3069 4692 3233 4745 scot.
3280 4682 3423 4746 XII
3452 4683 3635 4756 scoti,

437 4793 594 4854 item
643 4813 764 4874 pro
813 4793 912 4854 IV
960 4792 1182 4855 choris
1227 4807 1642 4876 cancrorum,·
1689 4790 1968 4872 quilibet
2015 4791 2194 4852 chor.
2243 4809 2364 4870 per
2402 4789 2464 4850 V
2505 4809 2602 4871 gr.
2652 4788 2721 4850 X
2772 4789 2958 4860 scoti,
3004 4789 3163 4850 item
3203 4809 3324 4870 pro
3356 4789 3421 4850 V
3454 4799 3621 4853 octu-

438 4900 653 4963 alibus
699 4899 992 4974 ceruisie,
1039 4899 1387 4982 quodlibet
1433 4899 1698 4960 octuale
1743 4917 1864 4978 per
1912 4896 2012 4958 VI
2059 4909 2222 4960 scot.
2271 4895 2427 4958 facit
2474 4896 2507 4958 I
2558 4915 2714 4957 mar.
2764 4894 2865 4956 VI
2913 4909 3155 4958 scotos

653 5006 822 5068 Item
871 5008 1004 5070 dne
1053 5005 1324 5089 Regine
1371 5007 1458 5068 ad
1505 5025 1776 5068 cenam:
1825 5003 1984 5066 item
2034 5024 2155 5086 pro
2203 5003 2498 5085 piscibus
2542 5002 2940 5076 recentibus,
2990 5003 3147 5083 quia
3184 5004 3319 5064 dna
3358 5003 3637 5087 Regina

438 5113 734 5195 hospites
780 5113 1031 5187 habuit,
1079 5112 1146 5174 II
1162 5113 1222 5192 ἧς
1282 5133 1441 5174 τηατ.
1488 5112 1648 5174 item
1697 5132 1819 5193 pro
1867 5111 1968 5174 III
2016 5131 2251 5194 sexag.
2301 5110 2578 5191 piscium
2628 5110 2957 5172 dictorum
3005 5109 3331 5191 stracsusz
3368 5131 3489 5191 per
3535 5111 3636 5173 III

437 5240 526 5283 se.
573 5220 682 5283 IX
728 5241 818 5284 se.
864 5221 1023 5284 item
1072 5240 1192 5302 pro
1239 5219 1341 5282 III
1389 5219 1606 5282 choris
1653 5239 2047 5282 cancrorum
2097 5219 2170 5280 X
2217 5218 2399 5292 scoti,
2448 5217 2606 5280 item
2646 5237 2769 5298 pro
2806 5217 2909 5278 III
2948 5217 3323 5280 octualibus
3358 5218 3637 5281 ceruisie

439 5328 524 5388 de
583 5323 880 5390 Wzklicz‘a
927 5346 1048 5409 per
1094 5326 1265 5388 VIII
1312 5347 1399 5390 sc.
1447 5326 1479 5388 I
1527 5346 1688 5389 mar.

653 5434 825 5496 Item
873 5434 1026 5497 duci
1073 5432 1582 5516 Swidrigaloni:
1631 5433 1792 5495 item
1840 5453 1962 5513 pro
2011 5432 2301 5513 piscibus
2346 5432 2727 5494 recentibus
2774 5431 2883 5512 I¹l2
2945 5451 3103 5494 τηατ.
3159 5431 3317 5494 item
3365 5453 3487 5514 pro
3532 5431 3635 5494 III

437 5559 672 5624 sexag.
718 5541 998 5622 piscium
1047 5540 1374 5604 dictorum
1422 5539 1750 5622 stracfusz
1785 5540 1906 5602 IX
1952 5540 2134 5612 scoti,
2183 5539 2341 5600 item
2382 5560 2505 5620 pro
2544 5538 2647 5601 III
2687 5539 2901 5601 choris
2932 5559 3325 5602 cancrorum
3356 5539 3421 5598 V
3452 5540 3637 5613 scoti,

437 5649 597 5712 item
643 5668 764 5729 pro
812 5648 914 5711 III
960 5647 1334 5712 octualibus
1381 5645 1656 5709 ceruisie
1703 5649 1790 5710 de
1850 5646 1946 5708 W
1935 5644 2146 5708 delicia
2193 5646 2596 5728 comparatis
2641 5667 2763 5728 per
2810 5645 2978 5709 VIII
3024 5665 3113 5710 sc.
3162 5646 3195 5708 I
3244 5666 3402 5708 mar.

651 5786 938 5830 leuament-
964 5785 1102 5830 modii
1129 5786 1243 5829 aovi.
1273 5785 1322 5828 1'.
1354 5783 1450 5828 XV.
3354 5782 3423 5834 39
