4592 6559
952 524 1333 589 REJESTRA
1381 523 1646 590 STACYJ
1692 525 1984 576 Dwonu
2032 513 2301 576 KRoLA
2349 528 2377 576 1
2424 514 2861 593 KROLOWEJ.
2918 536 3099 593 1404.
3500 535 3623 596 293

642 724 813 787 Item
861 725 998 788 dno
1043 725 1125 788 N.
1174 725 1753 790 vicecancellario:
1818 727 1977 791 item
2025 748 2149 811 pro
2214 729 2501 810 quai-tali
2564 728 2864 792 carnium
2922 728 3023 791 IV
3070 729 3255 802 scoti,
3300 729 3459 793 item
3505 750 3628 812 pro

431 830 575 893 XII
619 831 836 913 pulli&
874 831 1154 914 quilibet
1188 834 1414 915 pullus
1449 854 1572 915 per
1617 835 1682 915 ΙΙ,
1732 855 1831 918 gr.
1869 835 1972 898 ΙΙΙ
2011 855 2100 899 sc,
2147 835 2308 898 item
2356 837 2527 900 aries
2573 836 2899 918 propi-im,
2944 838 3104 898 item
3142 857 3267 919 pro
3314 836 3347 899 Ι
3384 836 3631 899 octuali

432 938 708 1001 ceruisie
753 937 856 1002 VI
902 938 1086 1002 scoti„

645 1045 818 1108 Item
868 1047 1211 1111 Ruthenis
1257 1068 1460 1130 super
1503 1048 1711 1112 diaria
1755 1050 2053 1131 ipsorum
2102 1071 2256 1114 cum
2324 1052 2560 1113 ceteris
2626 1051 2933 1114 Polonis:
2998 1051 3159 1114 item
3226 1071 3432 1133 pecus
3478 1071 3629 1134 pro-

433 1152 669 1234 prium,
713 1153 874 1216 item
921 1173 1044 1236 pro
1092 1155 1158 1217 ΙΙ
1207 1156 1429 1237 pernis
1473 1155 1749 1219 lardinis
1792 1157 1937 1220 XII
1983 1157 2171 1231 scoti,
2235 1158 2393 1220 item
2441 1178 2563 1239 pro
2609 1157 2744 1220 XL
2788 1159 3002 1240 pullis
3067 1158 3347 1241 quilibet
3410 1157 3633 1240 pullus

431 1279 554 1343 per
608 1259 673 1341 Ἲς
743 1281 842 1345 gr.
907 1262 984 1324 X
1029 1262 1213 1337 scoti,
1276 1263 1436 1326 item
1503 1266 1640 1329 duo
1705 1264 1944 1328 arietes
2008 1265 2273 1348 proprii,
2338 1265 2497 1328 item
2563 1285 2685 1348 pro
2750 1265 2853 1328 III
2918 1264 3289 1329 octualibus
3354 1264 3633 1330 ceruisie

434 1367 682 1430 XVIII
725 1369 912 1432 scoti.

648 1476 820 1538 Item
866 1474 1232 1540 falconistis
1279 1497 1433 1541 cum
1481 1479 1856 1562 hospitibus
1914 1481 1999 1542 de
2047 1479 2377 1544 Moszkwa
2398 1504 2422 1541 .·
2486 1481 2647 1544 item
2714 1501 2837 1562 pro
2883 1481 2985 1543 III
3034 1480 3449 1564 qum-talibus
3496 1500 3635 1543 car·

435 1582 640 1656 nium,
685 1583 1033 1665 quodlibet
1077 1586 1382 1667 quartale
1447 1606 1568 1669 per
1615 1587 1717 1649 III
1762 1598 1926 1650 scot.
1976 1587 2082 1650 IX
2130 1589 2315 1662 scoti,
2380 1588 2539 1650 item
2607 1608 2729 1670 pro
2784 1588 3013 1650 XXX
3078 1587 3293 1670 pullis,
3359 1586 3637 1670 quilibet

435 1690 658 1772 pullus
702 1711 823 1773 per
879 1691 942 1772 ¹l2
1000 1713 1100 1776 gr.
1147 1691 1362 1774 V111s2
1421 1695 1606 1768 scoti,
1652 1694 1812 1758 item
1860 1715 1982 1778 pro
2031 1695 2097 1759 II
2147 1695 2523 1759 octualibus
2565 1695 2847 1759 ceruisie
2894 1695 3038 1757 XII
3086 1695 3271 1758 scoti.

651 1798 820 1860 Item
869 1799 1004 1862 dno
1053 1800 1240 1884 Regi
1284 1803 1371 1865 ad
1418 1822 1689 1865 cenam:
1755 1803 1914 1866 item
1963 1823 2170 1885 pecus
2234 1805 2595 1885 proprium,
2659 1804 2819 1866 item
2886 1823 3009 1887 pro
3056 1801 3188 1866 LX
3234 1803 3449 1886 pullis
3496 1801 3637 1885 qui-

439 1904 600 1967 libet
643 1906 868 1987 pullus
913 1927 1036 1988 per
1093 1908 1156 1989 Ὗ,
1216 1929 1314 1992 gr.
1378 1908 1534 1973 facit
1581 1909 1724 1972 XV
1781 1929 1870 1974 sc.
1934 1911 2092 1973 item
2160 1911 2226 1973 II
2285 1911 2526 1974 arietes
2590 1911 2852 1994 proprii,
2898 1911 3059 1973 item
3116 1930 3239 1993 pro
3294 1910 3397 1972 IV
3454 1908 3639 1972 aucis

439 2012 506 2075 II
552 2013 737 2086 scoti,
781 2013 942 2076 item
989 2035 1113 2097 pro
1161 2015 1229 2079 II
1273 2017 1536 2102 sugillis
1583 2018 1683 2081 III
1734 2038 1830 2101 gr.
1878 2018 2038 2080 item
2077 2017 2178 2080 VI
2227 2038 2567 2101 cappones
2612 2017 2875 2101 proprii,
2921 2017 3081 2082 item
3129 2038 3252 2100 pro
3300 2017 3411 2080 IIC
3458 2035 3638 2078 owo-

440 2138 589 2182 rum
636 2119 740 2182 III
784 2121 968 2195 scoti,
1034 2122 1193 2186 item
1240 2143 1362 2206 pro
1427 2123 1576 2188 XX
1627 2126 1838 2189 caseis
1905 2125 2004 2186 IV
2053 2145 2151 2208 gr.
2217 2125 2377 2189 item
2442 2145 2564 2207 pro
2613 2127 2643 2188 I
2692 2127 2825 2188 olla
2888 2125 3088 2188 butiri
3135 2124 3200 2186 V
3248 2124 3433 2198 scoti,
3479 2123 3637 2186 item

440 2247 562 2309 pro
607 2228 784 2291 lacte
829 2238 899 2292 et
944 2249 1170 2292 crema
1216 2230 1317 2293 IV
1364 2233 1550 2307 scoti,
1615 2233 1776 2296 item
1823 2252 1946 2314 pro
1993 2253 2202 2314 perna
2248 2233 2520 2296 lai-dinis
2564 2232 2701 2294 VII
2750 2232 2936 2306 scoti,
3000 2233 3157 2296 item
3206 2231 3308 2293 IV
3355 2229 3641 2294 octualia

438 2334 717 2398 ceruisie
761 2336 1044 2418 propria.

654 2441 829 2505 Item
877 2443 1010 2506 dne
1057 2444 1331 2529 Regine
1398 2447 1483 2509 ad
1550 2467 1822 2512 cenam:
1891 2447 2050 2510 item
2097 2448 2164 2510 II
2213 2449 2542 2531 quartalia
2608 2449 2905 2511 carnium
2970 2446 3255 2529 propria,
3311 2447 3473 2509 item
3518 2465 3643 2528 pro

443 2549 576 2612 XL
621 2549 821 2632 pullis
867 2550 940 2613 X
990 2552 1176 2626 scoti,
1223 2553 1385 2616 item
1435 2555 1608 2618 aries
1651 2556 1976 2638 propriuS‚
2025 2556 2184 2617 item
2232 2576 2357 2637 pro
2403 2556 2470 2618 II
2518 2555 2702 2618 aucis
2750 2555 2814 2617 II
2864 2575 2964 2638 gr.
3011 2554 3171 2617 item
3218 2573 3340 2636 pro
3386 2550 3647 2636 sugillis

443 2656 546 2719 III
597 2677 697 2741 gr.
743 2656 903 2720 item
950 2677 1073 2740 pro
1121 2661 1296 2723 lacte
1343 2672 1410 2723 et
1457 2682 1684 2725 crema
1731 2662 1830 2724 III
1878 2663 2063 2735 scoti,
2129 2663 2289 2724 item
2339 2683 2461 2744 pro
2508 2661 2675 2724 owis
2720 2673 2788 2725 et
2834 2661 3055 2725 butiro
3104 2661 3205 2723 IV
3253 2660 3439 2734 scoti,
3484 2660 3645 2722 item

443 2783 567 2847 pro
613 2785 820 2846 perna
869 2765 1142 2829 lardinis
1191 2767 1292 2830 VI
1339 2769 1524 2843 scoti,
1588 2771 1749 2832 item
1813 2790 1936 2852 pro
2001 2769 2159 2852 piris
2224 2779 2290 2832 et
2356 2769 2609 2833 cerusis
2656 2768 2757 2830 IV
2804 2769 2987 2841 scoti,
3036 2769 3195 2832 item
3242 2769 3311 2830 II
3358 2767 3647 2830 octualia

445 2872 724 2936 ceruisie
769 2874 1053 2956 propria.

658 2979 943 3044 Summa
989 2983 1166 3047 diete
1213 2983 1387 3047 VIII
1436 3005 1594 3048 mar.
1642 2984 1864 3047 XXII
1909 2984 2096 3048 scoti.

659 3088 832 3151 Item
878 3089 1044 3153 feria
1088 3092 1191 3153 III
1241 3091 1440 3174 (22s7)
1490 3093 1627 3155 dno
1676 3092 1861 3176 Regi
1909 3093 1994 3154 ad
2041 3093 2431 3175 prandium:
2497 3093 2656 3155 item
2711 3111 2921 3175 pecus
2966 3091 3328 3173 proprium,
3373 3091 3532 3152 item
3582 3090 3647 3152 II

445 3194 686 3258 arietes
731 3198 996 3279 proprii,
1044 3198 1204 3262 item
1249 3209 1374 3282 pro
1423 3200 1553 3262 LX
1619 3199 1835 3281 pulliS,
1901 3199 2181 3283 quilibet
2246 3200 2469 3282 pullus
2515 3221 2636 3282 per
2694 3201 2757 3282 ¹1¹2
2815 3220 2913 3282 gr.
2959 3198 3119 3262 facit
3162 3197 3306 3260 XV
3352 3218 3441 3260 sc.
3489 3197 3648 3259 item

443 3322 568 3386 pro
615 3304 683 3367 II
730 3305 990 3388 sug-illis
1036 3306 1069 3369 I
1115 3319 1276 3369 scot.
1335 3307 1397 3388 ¹s2
1456 3328 1554 3391 gr.
1600 3307 1762 3370 item
1807 3327 1932 3389 pro
1999 3306 2098 3368 IV
2147 3307 2332 3369 aucis
2380 3307 2445 3369 11
2493 3307 2675 3381 scoti,
2740 3307 2901 3371 item
2951 3306 3053 3369 VI
3112 3325 3454 3387 cappones
3500 3323 3650 3386 pro-

445 3409 584 3492 prii,
632 3411 794 3474 item
840 3432 962 3494 pro
1003 3413 1114 3475 IIC
1158 3433 1480 3489 oworum,
1528 3415 1874 3498 quodlibet
1920 3424 2194 3477 centum
2240 3414 2623 3497 recipiendo
2669 3435 2792 3497 per
2837 3415 2937 3477 ΙΙΙ
2978 3435 3077 3498 gr.
3117 3413 3219 3476 III
3258 3411 3444 3486 scoti,
3489 3411 3648 3474 item

446 3537 570 3600 pro
616 3516 762 3581 XII
808 3521 1022 3604 caseis
1069 3520 1136 3583 II
1151 3521 1213 3601 ¹l2
1273 3541 1372 3605 gr.
1437 3521 1595 3585 item
1643 3541 1768 3604 pro
1813 3523 1986 3584 lacte
2033 3533 2102 3584 et
2147 3541 2375 3584 crema
2418 3520 2563 3602 V¹l2
2622 3543 2721 3606 gr.
2768 3523 2927 3584 item
2975 3541 3098 3604 pro
3145 3522 3212 3583 II
3261 3520 3408 3582 ollis
3452 3518 3653 3581 butiri

449 3624 552 3689 IV
596 3627 781 3700 scoti,
829 3627 988 3690 item
1034 3649 1158 3710 pro
1205 3629 1270 3692 II
1318 3629 1544 3712 pernis
1608 3629 1880 3692 lardinis
1927 3629 2104 3691 XIII
2153 3629 2340 3702 scoti,
2405 3629 2563 3691 item
2611 3650 2733 3711 pro
2781 3628 2879 3691 VI
2930 3629 3306 3692 octualibus
3352 3625 3650 3698 ceruisie‚

449 3733 798 3816 quodlibet
845 3737 1109 3798 octuale
1155 3757 1274 3818 per
1320 3735 1421 3798 VI
1469 3748 1632 3800 scot.
1680 3737 2154 3819 comparando,
2203 3738 2232 3799 I
2281 3756 2443 3800 mar.
2492 3737 2635 3798 XII
2682 3737 2867 3800 scoti.

663 3842 837 3905 Item
885 3843 1018 3906 dne
1065 3843 1340 3928 Regine
1403 3846 1492 3907 ad
1536 3845 1925 3927 prandium:
1991 3844 2150 3907 item
2197 3863 2405 3926 pecus
2470 3844 2557 3905 ad
2602 3853 2812 3907 totam
2862 3843 3039 3906 diem
3088 3841 3445 3924 proprium,
3491 3840 3651 3902 item

451 3950 585 4013 duo
632 3949 875 4013 arietes
918 3951 1186 4034 proprii,
1232 3951 1391 4015 item
1441 3972 1565 4034 pro
1612 3951 1745 4014 XL
1790 3952 1991 4034 pullis
2036 3951 2111 4013 X
2147 3952 2335 4025 scoti,
2382 3953 2541 4014 item
2579 3971 2701 4032 pro
2738 3969 2947 4032 perna
2984 3950 3256 4013 lai-dinis
3293 3948 3427 4012 VII
3466 3947 3651 4021 scoti,

449 4057 611 4120 item
657 4077 782 4140 pro
827 4058 896 4120 II
942 4058 1124 4122 aucis
1171 4060 1204 4121 I
1251 4070 1413 4123 scot.
1459 4060 1620 4122 item
1669 4080 1792 4141 pro
1840 4060 1906 4121 II
1954 4059 2212 4143 sugillis
2260 4059 2363 4122 III
2411 4079 2511 4143 gr.
2566 4059 2726 4121 item
2774 4078 2897 4140 pro
2943 4059 3117 4120 lacte
3165 4066 3232 4119 et
3278 4076 3504 4120 crema
3549 4055 3650 4117 IV

451 4165 639 4240 scoti,
701 4166 862 4229 item
925 4187 1048 4248 pro
1113 4166 1364 4230 cerusis
1429 4179 1498 4230 et
1561 4167 1718 4250 piris
1764 4167 1865 4229 III
1913 4167 2098 4240 scoti,
2163 4166 2322 4228 item
2388 4187 2514 4248 pto
2561 4165 2614 4229 C
2660 4185 2963 4228 oworum
3012 4165 3114 4227 III
3164 4185 3262 4248 gr.
3318 4165 3479 4226 item
3526 4183 3651 4246 pro

453 4272 587 4337 olla
632 4273 834 4337 butiri
878 4274 1026 4356 V¹l2
1084 4295 1184 4359 gr.
1229 4275 1390 4339 item
1457 4291 1580 4358 pro
1644 4275 1747 4338 III
1795 4274 2174 4338 octualibus
2239 4274 2537 4348 ceruisie‚
2600 4273 2948 4356 quodlibet
3012 4272 3276 4335 octuale
3323 4269 3425 4333 VI
3490 4279 3652 4333 scot.

451 4379 703 4445 XVIII
749 4382 936 4446 scoti.
3652 4433 3657 4439 ,

668 4489 840 4552 Item
915 4492 1053 4553 dno
1127 4491 1559 4553 marsalconi:
1635 4490 1794 4554 item
1860 4510 1983 4571 pro
2047 4489 2335 4572 quartali
2400 4489 2695 4551 carnium
2762 4487 2865 4550 VI
2930 4508 3030 4572 gr.
3096 4487 3257 4549 item
3322 4505 3445 4568 pro
3509 4484 3652 4548 XII

453 4597 656 4680 pullis
701 4597 804 4659 III
851 4597 1040 4672 scoti,
1103 4596 1262 4660 item
1329 4618 1452 4680 pro
1511 4599 1574 4676 ΙΙ,
1632 4616 1842 4679 perna
1904 4596 2178 4660 lardinis
2224 4595 2362 4658 VII
2427 4617 2525 4679 gr.
2591 4595 2750 4657 item
2816 4615 2938 4676 pro
2986 4595 3018 4656 Ι
3066 4593 3313 4656 octuali
3377 4590 3654 4655 ceruisie

455 4704 559 4767 VI
602 4704 789 4768 scoti.

671 4813 842 4876 Item
891 4814 1027 4876 dno
1072 4811 1156 4876 N.
1203 4812 1786 4877 vicecancellario:
1854 4812 2012 4875 item
2058 4832 2182 4894 pro
2245 4809 2535 4894 quat-tali
2598 4809 2895 4872 carnium
2942 4809 3043 4871 III
3091 4807 3275 4882 scoti,
3322 4808 3482 4870 item
3531 4827 3655 4889 pro

455 4921 602 4984 XII
647 4920 847 5003 pullis
893 4919 996 4982 III
1041 4921 1228 4994 scoti,
1293 4919 1452 4984 item
1517 4941 1640 5002 pro
1705 4940 1915 5002 perna
1971 4919 2036 5001 ΙΙ,
2095 4919 2367 4982 lardinis
2411 4916 2549 4981 VII
2596 4937 2693 5000 gr.
2758 4917 2917 4979 item
2973 4936 3097 4998 pro
3145 4917 3175 4978 I
3224 4915 3469 4979 octuali
3515 4935 3655 4978 cer-

455 5028 622 5092 uisie
667 5025 772 5090 VI
817 5029 1003 5091 scoti.
1869 5019 1874 5024 ’

673 5135 844 5198 Item
893 5135 1236 5198 Ruthenis
1283 5154 1438 5198 cum
1489 5135 1729 5199 ceteris
1775 5135 2048 5197 Polonis
2109 5153 2316 5216 super
2377 5132 2585 5196 diaria
2648 5133 2981 5214 ipsorum:
3046 5131 3207 5195 item
3254 5150 3460 5213 pecus
3504 5150 3654 5213 pro-

457 5244 694 5327 prium,
740 5243 900 5327 item
965 5262 1088 5326 pro
1135 5243 1269 5305 XL
1331 5243 1530 5325 pullis
1595 5241 1668 5304 X
1717 5242 1900 5316 scoti,
1965 5242 2124 5304 item
2175 5241 2240 5303 II
2287 5239 2530 5303 arietes
2593 5239 2858 5322 proprii,
2923 5239 3083 5302 item
3147 5257 3271 5320 pro
3318 5238 3386 5301 II
3432 5237 3656 5320 pernis

459 5351 732 5415 lardinis
777 5349 958 5413 XIII
1005 5350 1192 5424 scoti,
1237 5351 1396 5412 item
1444 5370 1570 5432 pro
1615 5349 1683 5411 II
1732 5349 2107 5411 octualibus
2153 5347 2429 5410 ceruisie
2478 5347 2621 5411 XII
2667 5346 2853 5410 scoti.

673 5457 845 5521 Item
891 5456 1256 5521 falconistis
1301 5477 1456 5520 cum
1493 5456 1868 5538 hospitibus
1904 5457 1990 5519 de
2027 5454 2358 5518 Moszkwa
2377 5478 2401 5515 .·
2446 5455 2605 5517 item
2643 5475 2765 5537 pro
2802 5455 2870 5516 II
2908 5453 3322 5537 quartalibus
3358 5451 3655 5514 carnium

459 5567 528 5629 V
573 5566 760 5641 scoti,
803 5564 966 5629 item
1012 5585 1136 5647 pro
1182 5564 1413 5627 XXX
1457 5563 1672 5647 pulliS,
1719 5563 1997 5647 quilibet
2041 5564 2262 5646 pullus
2309 5583 2431 5646 per
2486 5561 2549 5643 ¹l2
2608 5582 2707 5646 gr.
2744 5561 2903 5625 facit
2941 5560 3077 5623 VII
3092 5560 3155 5642 ΙΙ,
3203 5581 3276 5623 sc
3338 5559 3497 5622 item
3533 5578 3657 5642 pro

461 5675 530 5738 II
577 5673 952 5738 octualibus
999 5672 1277 5736 ceruisie
1323 5671 1468 5734 XII
1515 5672 1700 5735 scoti.
