4592 6559
1163 568 1547 635 REJESTRA
1597 569 2187 620 PonsxARBmGo
2233 570 2567 620 nmczm.
2626 576 2844 637 139ss
3486 574 3603 637 173

409 771 568 834 item
614 791 738 853 pro
786 770 817 834 I
863 771 1085 853 lapide
1132 770 1380 854 piperis
1425 770 1488 831 V
1539 790 1738 834 marc.
1785 771 1858 833 X
1906 793 1996 835 sc.

408 880 570 944 item
619 899 742 962 pro
808 876 912 941 IV
955 878 1287 961 lapidibus
1352 878 1745 963 smigmatis,
1808 879 2097 960 lapidem
2163 880 2547 961 recipiendo
2612 899 2732 961 per
2778 876 2915 941 VII
2980 900 3072 943 se.
3140 899 3406 943 summa
3450 878 3610 942 facit

405 985 440 1049 I
486 1005 690 1049 marc.
735 985 838 1049 IV
884 1006 974 1050 sc.

408 1094 564 1157 item
613 1113 736 1176 pro
783 1093 854 1155 II
899 1092 1084 1156 libris
1131 1094 1325 1169 croci,
1371 1114 1506 1177 que
1552 1095 1776 1157 omnia
1822 1105 1978 1158 sunt
2026 1104 2296 1178 recepta
2351 1114 2471 1176 per
2516 1095 2745 1158 dnum
2814 1094 3251 1176 Heynczcam
3318 1092 3606 1157 vicethe-

407 1201 783 1265 zaurarium
832 1201 897 1264 in
945 1199 1210 1265 Radom
1257 1200 1436 1283 1111s,
1495 1223 1696 1266 mare.

409 1309 568 1374 item
615 1308 1014 1383 hominibuS,
1060 1328 1231 1391 quos
1278 1310 1452 1373 dnus
1500 1310 1867 1394 Heynczca
1913 1329 2033 1393 per
2081 1320 2348 1374 noctem
2398 1308 2718 1374 Cracouie
2765 1320 3199 1383 remanserat,
3266 1325 3420 1372 cum
3468 1307 3611 1370 aliis

415 1416 805 1480 necessariis
851 1436 972 1498 pro
1021 1416 1336 1499 expensis
1381 1416 1413 1479 Ι
1459 1416 1604 1481 fert.

407 1526 567 1589 item
614 1523 794 1586 feria·
824 1522 926 1586 IV
973 1522 1279 1605 sequenti
1326 1522 1465 1606 (1os
1477 1528 1572 1605 12)
1617 1525 1684 1587 in
1745 1524 2014 1608 Opatow
2057 1526 2124 1587 in
2174 1534 2520 1599 nocturno,
2587 1525 2761 1587 dnus
2808 1508 3412 1587 vicethezaurarius
3456 1543 3611 1586 cum

419 1631 725 1697 curribus
771 1634 1026 1695 ducens
1071 1631 1446 1695 necessaria
1493 1631 1557 1695 in
1604 1629 1870 1696 Radom
1915 1633 2051 1695 dno
2099 1630 2288 1716 Regi
2335 1631 2408 1693 X
2455 1652 2545 1695 sc.

409 1742 568 1804 item
615 1739 864 1803 ibidem
913 1739 980 1802 in
1039 1736 1358 1823 Opatlzow
1403 1739 1566 1802 feria
1611 1738 1680 1801 V
1728 1739 1972 1823 (11s12)
2021 1739 2086 1801 in
2136 1739 2417 1822 prandio
2461 1738 2641 1803 idem
2689 1738 3012 1820 expendit
3057 1738 3236 1819 V1¹f,
3294 1759 3383 1801 se.

415 1848 575 1912 item
607 1847 690 1910 'in
739 1844 908 1909 Islza
953 1846 1020 1909 in
1067 1856 1396 1909 nocturno
1443 1849 1683 1910 eodem
1733 1847 1842 1911 die
1892 1846 2220 1929 expendit
2268 1846 2378 1910 IX
2427 1868 2517 1911 sc.

415 1956 574 2018 item
621 1953 788 2017 feria
850 1953 952 2017 IV
1000 1962 1154 2037 post
1215 1954 1618 2018 dominicam
1678 1954 1996 2045 ‘Gaudete
2064 1955 2083 2035 (
2096 1954 2202 2035 17!
2215 1956 2311 2035 12)
2376 1954 2444 2017 in
2518 1952 2778 2037 Jedlna
2840 1953 3125 2017 nunccio
3191 1952 3395 2016 misso
3459 1973 3615 2016 cum

415 2062 620 2126 literis
665 2062 730 2125 in
779 2061 1174 2125 Cracouiam
1223 2081 1312 2125 ex
1357 2074 1548 2143 parte
1607 2062 1828 2147 Regis
1874 2064 1962 2126 ad
2026 2062 2421 2145 zupparium
2490 2072 2562 2126 et
2629 2061 3069 2163 monetarium
3134 2081 3257 2144 pro
3303 2060 3618 2143 expensis

413 2170 444 2234 I
490 2170 635 2235 fert.

628 2278 911 2341 Summa
961 2275 1331 2341 CCCLXV
1348 2278 1410 2357 1!2
1471 2298 1670 2341 mare.
1719 2278 1830 2359 Ilf2
1890 2298 1988 2363 gr.
2035 2277 2136 2340 IV
2185 2279 2335 2341 den.

635 2386 804 2448 Item
844 2384 910 2447 in
951 2383 1216 2448 Radom
1253 2384 1540 2449 nunccio
1577 2385 1781 2449 misso
1819 2406 1970 2449 cum
2010 2385 2217 2449 literis
2256 2386 2479 2469 Regis
2517 2387 2603 2447 ad
2643 2385 2999 2458 ciuitatem,
3037 2394 3112 2449 ut
3149 2384 3304 2473 duci
3340 2382 3619 2466 Skrgel-

415 2494 551 2557 loni
589 2493 967 2557 necessaria
1005 2493 1554 2567 ministrarentur,
1593 2495 1678 2556 de
1715 2492 1980 2557 Radom
2016 2494 2409 2562 transeunti.
2448 2494 2532 2555 ad
2566 2491 2957 2556 mandatum
2996 2492 3110 2556 dni
3148 2490 3369 2575 Regis
3408 2491 3439 2553 I
3476 2490 3621 2554 fert.

417 2603 574 2666 item
622 2601 872 2665 ibidem
921 2599 1024 2663 III
1071 2600 1268 2664 sociis
1314 2601 1702 2675 iacentibuS,
1761 2601 2075 2664 videlicet
2121 2602 2406 2675 duobuS,
2471 2600 2583 2683 qui
2630 2599 2885 2663 lumina
2928 2600 3259 2682 parabant
3304 2600 3390 2661 ad
3438 2598 3621 2660 Nati·

419 2708 695 2773 uitatem
745 2707 1004 2783 Christi,
1055 2717 1122 2771 et
1168 2727 1344 2771 vnus
1392 2729 1543 2798 cum
1592 2709 1890 2792 quinque
1929 2708 2120 2791 equis
2156 2706 2395 2793 Regis,
2438 2728 2557 2790 per
2593 2708 2626 2769 I
2662 2707 3107 2789 septimanam
3145 2726 3269 2787 pro
3308 2705 3621 2787 expensis

417 2838 682 2881 summa
728 2815 906 2880 XVI
954 2837 1042 2879 se.

417 2926 577 2989 item
651 2945 776 3007 pro
850 2923 1203 2987 ablucione
1284 2924 1699 2999 mensalium,
1765 2924 2360 3008 manutergiorum,
2424 2922 2935 2987 lintheaminum
3000 2921 3329 3005 regalium
3374 2918 3620 3021 ‘huius-

421 3034 603 3097 modi
649 3033 736 3095 ad
784 3032 1179 3094 mandatum
1227 3031 1340 3093 dni
1388 3031 1611 3115 Regis
1655 3030 1794 3094 VII
1838 3052 1929 3095 sc.
2422 3028 2429 3037 ’

421 3142 580 3204 item
631 3139 871 3203 nuccio
917 3138 1121 3201 misso
1168 3159 1322 3201 cum
1369 3138 1575 3202 literis
1621 3141 1708 3203 ad
1756 3112 2076 3202 ciuitates¹
2108 3139 2352 3213 dicere,
2397 3140 2554 3221 quia
2592 3114 3099 3221 dux‘Skrgello
3134 3134 3271 3199 non
3309 3136 3429 3199 ibit
3464 3118 3621 3199 Cra-

421 3248 702 3322 coviam‚
749 3248 836 3310 ad
883 3248 1276 3309 mandatum
1325 3245 1442 3309 dni
1487 3246 1709 3330 Regis
1752 3246 1785 3309 Ι
1833 3245 1977 3310 fert.

421 3357 579 3420 item
625 3353 1105 3417 fistulatoribus
1151 3362 1220 3415 et
1265 3353 1571 3417 citaristis
1619 3354 1840 3437 Regis
1887 3363 1955 3418 et
2001 3356 2136 3417 dne
2183 3355 2458 3438 Regine
2500 3374 2624 3435 pro
2661 3332 2968 3425 kolarida,
3005 3353 3261 3414 honore.
3299 3351 3496 3415 solito
3534 3372 3623 3414 ex

423 3463 742 3527 mandato
789 3460 903 3523 dni
950 3460 1175 3544 Regis
1221 3458 1322 3523 VI
1371 3481 1574 3524 marc.

422 3572 581 3634 item
628 3560 1014 3631 vectoribus
1051 3568 1174 3631 dni
1223 3568 1446 3651 Regis
1491 3568 1790 3632 similiter
1836 3590 1959 3652 pro
2008 3568 2286 3633 celanda
2333 3570 2435 3632 III
2484 3591 2575 3633 sc.

423 3680 582 3742 item
629 3676 810 3739 cocis
855 3675 1076 3760 Regis
1123 3686 1191 3738 et
1236 3677 1369 3739 dne
1418 3676 1693 3761 Regine
1740 3677 2041 3740 similiter
2087 3677 2156 3739 II
2202 3698 2404 3740 marc.

424 3786 582 3849 item
633 3784 1016 3847 vectoribus
1063 3783 1338 3867 Regine
1385 3793 1453 3845 et
1500 3784 1720 3867 Regis
1767 3784 1834 3847 II
1881 3805 2082 3848 marc.

428 3895 588 3957 item
637 3892 832 3955 sociis
875 3891 1170 3954 thezauri
1217 3890 1514 3954 similiter
1562 3892 1593 3953 I
1643 3911 1843 3954 marc.

426 4003 586 4064 item
633 3998 1044 4063 distributori
1091 3998 1283 4080 panis
1329 4000 1416 4061 ad
1465 4019 1767 4061 mensam
1815 4000 1846 4061 I
1895 3999 2042 4062 fert.

425 4109 585 4171 item
633 4128 756 4188 pro
803 4106 1234 4168 distributore
1282 4106 1510 4187 pabuli
1557 4106 1738 4169 curie
1784 4107 1816 4168 I
1864 4106 2008 4169 fert.

427 4216 586 4279 item
630 4213 934 4294 Jacussio
981 4213 1299 4295 pincerne
1347 4212 1592 4276 cellarii
1641 4214 1673 4275 I
1719 4213 1866 4277 fert.

427 4324 588 4386 item
637 4321 801 4385 feria
846 4321 950 4384 VI
995 4321 1302 4403 sequenti
1349 4319 1488 4404 (12s
1501 4322 1594 4403 12)
1645 4322 2096 4384 Lithwoszoni
2154 4320 2561 4384 cubiculario
2628 4321 2743 4382 dni
2810 4319 3030 4402 Regis
3100 4317 3301 4380 misso
3348 4319 3435 4380 ad
3482 4316 3628 4379 Ma-

427 4430 689 4493 zouiam
737 4429 802 4491 in
853 4429 1044 4492 factis
1093 4428 1331 4511 RegiS,
1377 4448 1501 4509 pro
1548 4430 1867 4510 expensis
1913 4430 1944 4491 I
1991 4428 2134 4491 fert.

427 4539 586 4601 item
634 4536 922 4599 nunccio
971 4536 1172 4599 misso
1223 4536 1546 4600 Cracouie
1594 4536 1660 4598 in
1708 4535 1898 4599 factis
1945 4536 2058 4599 dni
2107 4536 2329 4619 Regis
2375 4555 2498 4617 pro
2545 4534 2863 4616 expensis
2909 4534 2940 4595 Ι
2987 4532 3132 4596 fert.

428 4646 588 4708 item
636 4664 759 4725 pro
806 4645 966 4707 vlna
1011 4642 1215 4725 panni
1261 4643 1416 4707 duci
1462 4663 1674 4725 paruo
1739 4644 2110 4707 Semisconi
2175 4664 2297 4725 pro
2364 4643 2598 4725 caligis
2663 4644 2749 4704 ad
2815 4643 3203 4704 mandatum
3252 4641 3366 4703 dni
3414 4640 3635 4723 Regis

429 4752 567 4815 VII
613 4773 704 4815 se.

645 4860 930 4923 Summa
975 4857 1155 4923 XVI
1204 4879 1406 4946 marc,
1452 4859 1485 4921 I
1531 4880 1619 4922 se.

642 4967 816 5030 Item
864 4987 987 5050 pro
1034 4967 1066 5029 I
1113 4968 1274 5029 vlna
1321 4966 1523 5049 grisei
1569 4966 1772 5049 panni
1819 4966 2001 5029 socio
2047 4965 2346 5028 eiusdem
2394 4965 2496 5027 III
2547 4985 2646 5048 gr.

431 5077 590 5139 item
637 5074 739 5138 IV
786 5074 950 5136 feria
994 5074 1060 5136 in
1129 5073 1360 5158 vigilia
1424 5073 1956 5136 Circumcisionis
2019 5073 2288 5135 Domini
2351 5074 2445 5153 (31
2460 5072 2489 5155 s
2504 5074 2597 5151 12)
2657 5071 2971 5151 Januszio
3036 5069 3474 5150 dispensatori
3522 5069 3637 5131 dni

433 5184 658 5268 Regis
701 5202 825 5264 pro
873 5182 1188 5263 expensis
1235 5180 1347 5243 dni
1399 5181 1621 5265 Regis
1668 5200 1903 5243 versus
1949 5180 2351 5254 Mazouiam,
2399 5181 2485 5241 ad
2534 5180 2927 5241 mandatum
2977 5178 3090 5240 dni
3140 5176 3359 5259 Regis
3400 5178 3633 5239 vocale

432 5288 837 5354 XXXVIII
885 5309 1086 5352 marc.
2168 5270 2176 5279 ’

433 5399 594 5461 item
641 5399 778 5460 dno
827 5396 1114 5460 Cristino
1161 5396 1488 5481 magistro
1535 5396 1715 5459 curie
1763 5397 1897 5459 dne
1944 5395 2237 5480 Regine,
2298 5415 2422 5475 pro
2470 5393 2786 5475 expensis
2833 5392 3130 5455 eiusdem
3179 5392 3313 5453 dne
3362 5391 3637 5476 Regine

433 5524 700 5569 summa
745 5504 901 5567 facit
946 5503 1280 5566 XXXVI
1329 5524 1528 5566 mare.

433 5614 594 5675 item
643 5612 896 5675 famulo
943 5611 1147 5675 misso
1193 5612 1278 5673 ad
1327 5610 1714 5693 zupparium
1765 5631 1918 5673 cum
1969 5610 2160 5692 equis
2205 5608 2601 5673 Steczkonis
2647 5628 2770 5690 pro
2816 5607 3134 5690 expensis
3182 5606 3213 5668 I
3260 5605 3404 5669 fert.

435 5720 598 5783 item
645 5720 974 5783 Rutheno
1023 5718 1226 5783 misso
1274 5739 1429 5782 cum
1478 5718 1679 5782 literis
1727 5720 1813 5781 ad
1860 5720 2104 5782 ducem
2150 5716 2576 5779 Witholdum
2624 5715 2657 5778 I
2703 5714 2845 5779 fert.
