4592 6559
971 513 1093 586 238
1615 523 1996 590 REJESTRA
2045 525 2561 588 PODRZECTWA
2608 518 3266 581 KORcer'ssfflEGo,
3320 539 3505 600 1394-

965 743 1087 804 pro
1133 723 1540 805 petrozelino
1585 725 1689 787 IV
1737 727 1886 788 den.
1931 746 2054 808 pro
2101 727 2256 790 albo
2303 748 2477 809 pane
2526 729 2626 790 III
2665 742 2876 811 quart.
2924 731 3219 794 butirum
3287 743 3353 795 et
3417 735 3591 796 casei
3638 734 3933 798 Rutenis
3978 735 4162 816 prius

965 831 1190 914 empti,
1236 832 1427 914 panis
1473 832 1752 917 siliginis
1801 834 1869 896 II
1913 853 2148 918 sexag.
2196 845 2353 897 ante
2400 846 2801 918 comparate,
2850 839 3129 901 ceruisie
3176 839 3209 901 I
3255 842 3518 904 octuale
3562 841 3927 923 proprium.

1177 940 1297 1002 Ad
1343 960 1580 1004 cenam
1629 942 1766 1003 dno
1805 941 1957 1003 duci
2003 942 2221 1024 pisces
2268 943 2529 1025 proprii,
2595 964 2715 1025 pro
2764 946 2936 1008 lacte
2984 955 3051 1008 et
3098 967 3323 1010 crema
3369 948 3401 1010 I
3449 969 3548 1034 gr.
3614 948 3715 1011 IV
3762 951 3912 1013 den.
3960 949 4157 1013 butiri

963 1046 996 1108 Ι
1041 1047 1192 1121 olla,
1241 1048 1415 1110 casei
1461 1047 1652 1121 VIII,
1702 1068 1833 1112 oua
1880 1049 2108 1111 XXX
2153 1051 2339 1132 prius
2386 1062 2628 1133 empta.

1175 1155 1334 1237 Ipso
1381 1156 1489 1218 die
1537 1155 1601 1217 in
1673 1153 1971 1218 Wzssvlz'cz'a
2019 1169 2379 1238 apparatus
2425 1169 2813 1242 coemptus:
2877 1181 2998 1243 pro
3045 1162 3355 1225 XLVIII
3402 1164 3604 1245 pullis
3650 1165 3939 1247 antiquis
3977 1165 4155 1227 XIII

959 1274 1122 1324 scot.
1170 1263 1203 1324 I
1251 1282 1348 1345 gr.
1395 1263 1469 1324 X
1517 1264 1668 1326 den.
1715 1284 1839 1345 pro
1885 1264 1988 1326 VI
2037 1264 2182 1328 ollis
2228 1265 2429 1328 butiri
2474 1267 2584 1328 XI
2632 1288 2731 1351 gr.
2798 1289 2918 1350 pro
2968 1269 3297 1333 XXXVI
3363 1271 3561 1353 pullis
3624 1271 3979 1334 iuuenibus
4045 1271 4153 1333 IX

959 1369 1143 1443 scoti,
1192 1390 1314 1452 pro
1361 1369 1515 1432 albo
1561 1391 1736 1452 pane
1783 1371 1815 1433 I
1861 1381 2023 1435 scot.
2088 1393 2210 1455 pro
2255 1369 2408 1436 XX
2454 1394 2663 1437 menS.
2728 1377 3100 1457 quemlibet
3166 1398 3371 1442 mens.
3436 1399 3557 1460 per
3609 1378 3678 1438 V
3726 1399 3825 1463 gr.
3890 1398 4155 1442 summa

958 1475 1118 1540 facit
1164 1477 1232 1539 II
1279 1497 1440 1540 mar.
1487 1478 1555 1540 ΙΙ
1600 1479 1784 1541 scoti.
2221 1489 2226 1494 '

1172 1583 1457 1649 Summa
1502 1585 1629 1649 diei
1679 1588 1780 1651 III
1830 1609 1988 1650 mar.
2038 1588 2179 1650 XV
2227 1589 2393 1652 scoti
2443 1589 2519 1652 X
2564 1591 2711 1652 den.

1172 1689 1451 1757 Summa
1499 1695 1868 1777 septimane
1916 1696 2058 1759 XV
2088 1716 2268 1760 mar.
2316 1696 2379 1757 V
2428 1698 2597 1761 scoti
2645 1699 2676 1759 I
2725 1719 2823 1782 gr.
2873 1699 2938 1760 V
2985 1702 3132 1763 den.

1169 1801 1527 1865 Dominica
1589 1802 1858 1866 Exaudi
1922 1804 2215 1868 Domine
2273 1807 2475 1889 (31s5)
2541 1806 2677 1869 dno
2743 1807 2895 1869 duci
2960 1828 3114 1870 cum
3180 1827 3301 1870 sua
3365 1809 3549 1871 curia
3612 1811 3699 1870 ad
3763 1809 4150 1890 prandium:

956 1907 1173 1989 pisces
1217 1906 1490 1972 fuerunt
1535 1911 1796 1992 proprii,
1843 1931 1965 1993 pro
2012 1913 2300 1994 quartali
2345 1914 2642 1976 carnium
2699 1915 3098 1977 bouinarum
3146 1913 3281 1977 VII
3330 1935 3431 1998 gr.
3488 1936 3609 1997 pro
3669 1916 3731 1996 ’,12
3788 1917 4001 1979 vitulo
4051 1916 4149 1978 111

955 2015 1138 2091 scoti,
1185 2037 1308 2098 pro
1355 2017 1594 2080 boletis
1642 2018 1673 2080 Ι
1721 2030 1882 2083 scot.
1929 2019 2004 2082 X
2052 2022 2201 2083 den.
2250 2042 2372 2102 pro
2420 2022 2593 2085 lacte
2640 2031 2706 2084 et
2753 2042 2977 2085 crema
3026 2023 3057 2084 I
3102 2034 3267 2086 scot.
3323 2022 3355 2084 Ι
3402 2033 3615 2105 quart.
3679 2043 3800 2104 pro
3854 2035 4151 2138 petroze-

953 2123 1091 2187 lino
1138 2123 1238 2186 IV
1288 2126 1436 2188 den.
1484 2146 1607 2207 pro
1655 2136 1848 2190 aceto
1895 2128 1928 2190 I
1975 2139 2186 2211 quart.
2235 2149 2360 2211 pro
2408 2128 2473 2190 V
2520 2129 2717 2211 pullis
2765 2130 2794 2190 I
2844 2140 3004 2194 scot.
3053 2130 3162 2192 XI
3210 2132 3358 2194 den.

1169 2233 1289 2295 Ad
1336 2253 1572 2297 cenam
1620 2235 1758 2298 dno
1804 2235 1990 2298 duci:
2058 2256 2180 2317 pro
2246 2237 2538 2318 piscibus
2592 2237 2626 2298 Ι
2672 2248 2832 2300 scot.
2896 2258 3020 2320 pro
3084 2239 3258 2301 lacte
3324 2239 3465 2301 XII
3514 2240 3663 2302 den.
3731 2239 3861 2301 alia
3926 2239 4151 2302 omnia

953 2339 1134 2421 prius
1181 2358 1442 2423 empta;
1491 2342 1679 2424 equis
1727 2363 1943 2406 auene
1988 2343 2053 2404 V
2103 2343 2286 2407 chori
2336 2345 2517 2426 prius
2564 2345 2788 2427 empti.

1167 2447 1451 2512 Summa
1497 2450 1628 2514 diei
1673 2451 1820 2514 XII
1863 2452 2032 2515 scoti
2079 2451 2145 2513 V
2192 2453 2347 2516 den.

1167 2556 1363 2620 Feria
1411 2558 1545 2638 ΙΙ(
1527 2561 1682 2642 (1s6)
1731 2559 1867 2622 dno
1914 2559 2069 2622 duci
2115 2561 2202 2621 ad
2249 2561 2638 2642 prandium:
2687 2581 2808 2642 pro
2854 2560 3148 2642 piscibus
3194 2560 3262 2623 II
3308 2561 3492 2634 scoti,
3539 2560 3571 2623 I
3609 2571 3824 2643 quart.
3870 2581 3993 2644 pro
4030 2561 4149 2624 bo-

952 2662 1099 2726 letis
1148 2664 1178 2726 I
1227 2685 1323 2748 gr.
1371 2685 1492 2747 pro
1541 2676 1734 2729 aceto
1781 2676 1848 2729 et
1893 2667 2302 2748 petrozelino
2351 2665 2397 2729 I
2431 2677 2644 2749 quart
2689 2667 2936 2731 familie
2984 2688 3105 2749 pro
3142 2668 3454 2731 carnibus
3491 2668 3871 2732 recentibus
3909 2668 4019 2731 IX
4049 2689 4147 2752 gr.

951 2790 1073 2851 pro
1118 2771 1412 2835 oleribus
1458 2773 1568 2836 IX
1614 2775 1762 2836 den.
1809 2795 1931 2857 pro
1979 2794 2204 2838 crema
2242 2775 2273 2836 Ι
2315 2795 2411 2859 gr.
2457 2775 2649 2856 panis
2687 2775 2787 2839 III
2816 2795 3048 2860 sexag.
3078 2784 3481 2857 comparate,
3513 2775 3789 2839 ceruisie
3818 2776 3851 2838 I
3882 2777 4147 2839 octuale

950 2879 1312 2960 proprium.

1163 2987 1319 3068 Ipso
1367 2987 1474 3050 die
1522 2988 1586 3050 in
1636 2991 1834 3052 Noua
1880 2991 2146 3053 ciuitate
2194 3000 2539 3073 coempta:
2606 3011 2727 3072 pro
2775 2991 2878 3055 III
2925 2994 3143 3054 bobus
3200 2991 3266 3054 ΙΙ
3323 3011 3486 3056 mar.
3552 2991 3729 3053 XIV
3776 2992 3959 3065 scoti,
4023 3012 4145 3073 pro

949 3093 1129 3156 XIII
1175 3094 1374 3175 pullis
1419 3095 1556 3158 VII
1605 3117 1701 3180 gr.
1749 3097 1816 3158 V
1860 3100 2010 3161 den.
2060 3119 2181 3181 pro
2229 3099 2513 3161 CXXX
2561 3099 2705 3162 ouis
2752 3099 2854 3162 ΙΙΙ
2902 3120 3000 3182 gr.
3047 3098 3150 3160 IV
3196 3100 3345 3162 den.
3410 3119 3532 3180 pro
3578 3098 3681 3162 VI
3745 3099 3893 3163 ollis
3949 3098 4146 3162 butiri

949 3199 1086 3262 VII
1131 3202 1315 3276 scoti,
1361 3223 1486 3284 pro
1533 3204 1663 3266 LX
1712 3205 1898 3268 vitris
1943 3207 2052 3270 XI
2100 3228 2199 3291 gr.
2247 3227 2370 3288 pro
2418 3207 2507 3270 LI
2556 3227 2753 3270 caseo
2800 3207 2909 3269 IX
2956 3227 3053 3290 gr.
3101 3206 3211 3268 IX
3258 3209 3407 3269 den.
3474 3227 3596 3288 pro
3651 3206 3879 3269 iuueni
3923 3206 4145 3270 butiro

948 3308 1052 3371 III
1099 3320 1308 3391 quart.

1165 3418 1279 3481 Ad
1328 3439 1561 3482 cenam
1613 3423 1747 3484 dno
1794 3422 1982 3484 duci:
2029 3443 2153 3505 pro
2200 3423 2493 3505 piscibus
2540 3422 2642 3485 III
2691 3433 2903 3504 quart.
2951 3442 3187 3486 carnes
3233 3422 3415 3505 prius
3462 3432 3707 3504 empte,
3754 3441 3875 3504 pro
3921 3421 4065 3484 aliis
4110 3421 4143 3482 Ι

947 3536 1108 3588 scot.
1155 3547 1278 3608 pro
1323 3538 1516 3590 aceto
1565 3539 1632 3590 et
1678 3531 2084 3610 petrozelino
2121 3529 2222 3593 VI
2269 3531 2420 3594 den.
2466 3531 2657 3612 panis
2704 3530 2771 3592 II
2809 3551 3044 3614 sexag.
3081 3541 3471 3613 comparate
3498 3540 3672 3606 ante,
3711 3528 3900 3611 equis
3930 3549 4144 3592 auene

948 3634 1013 3694 V
1061 3634 1243 3698 chori
1290 3635 1472 3716 prius
1517 3637 1738 3718 empti.

1159 3740 1444 3806 Summa
1490 3743 1618 3805 diei
1666 3743 1770 3807 III
1817 3765 1980 3807 mar.
2025 3745 2281 3809 XXIII
2330 3746 2499 3808 scoti
2544 3747 2575 3808 I
2624 3767 2721 3830 gr.
2770 3747 2803 3809 I
2850 3747 2998 3809 den.

1159 3851 1355 3913 Feria
1401 3851 1504 3914 III
1553 3852 1708 3934 (2s6)
1775 3854 1910 3915 dno
1979 3853 2132 3917 duci
2182 3854 2465 3916 Andree
2528 3855 2615 3916 ad
2668 3855 3058 3936 prandium:
3125 3874 3247 3936 pro
3310 3853 3604 3936 piscibus
3651 3853 3795 3935 II¹f'2
3854 3874 3954 3936 gr.
4018 3873 4141 3935 pro

946 3959 1201 4020 cancris
1249 3959 1278 4019 I
1327 3961 1490 4021 scot‘.
1537 3979 1658 4039 pro
1705 3961 1878 4023 lacte
1925 3971 1993 4022 et
2039 3981 2265 4024 crema
2314 3962 2344 4022 Ι
2392 3969 2554 4024 scot.
2620 3982 2741 4043 pro
2789 3963 2944 4024 albo
2990 3983 3166 4043 pane
3222 3962 3253 4024 I
3302 3981 3401 4046 gr.
3465 3981 3589 4042 pro
3636 3961 3667 4022 I
3714 3972 3954 4043 quarta
4000 3980 4139 4024 car-

946 4065 1127 4127 nium
1177 4065 1242 4126 V
1282 4087 1381 4149 gr.
1420 4086 1542 4148 pro
1592 4067 1655 4147 ¹s2
1706 4089 1914 4148 perna
1951 4069 2246 4131 carnium
2289 4069 2667 4132 recencium
2709 4069 2808 4131 III
2849 4091 2946 4153 gr.
2995 4091 3115 4152 pro
3161 4069 3402 4132 boletis
3448 4069 3551 4132 III
3597 4079 3808 4151 quart.
3855 4070 4023 4131 lardi
4064 4069 4127 4148 ¹l2

944 4192 1152 4253 perna
1197 4174 1380 4255 prius
1436 4185 1677 4256 empta,
1726 4177 1916 4256 panis
1965 4176 2064 4237 III
2113 4197 2347 4261 sexag.
2397 4187 2554 4240 ante
2600 4187 3004 4259 comparata,
3065 4177 3341 4240 ceruisie
3389 4176 3421 4238 1
3467 4177 3731 4238 octuale
3777 4175 4139 4258 proprium.

941 4328 948 4335 .
1159 4281 1316 4364 Ipso
1363 4283 1470 4344 die
1536 4283 1602 4344 in
1663 4282 2072 4367 Opathouecz
2120 4293 2483 4365 apparatus
2530 4293 2914 4366 coemptus·
2981 4305 3101 4367 pro
3149 4283 3271 4347 CII
3318 4283 3516 4364 pullis
3562 4282 3849 4365 antiquis
3896 4282 3927 4343 I
3977 4302 4137 4346 mar.

943 4387 1045 4450 III
1095 4409 1192 4472 gr.
1239 4409 1362 4470 pro
1411 4389 1695 4452 LXXX
1742 4391 1940 4472 pullis
1985 4391 2337 4453 iuuenibus
2375 4391 2527 4453 XX
2564 4393 2748 4466 scoti,
2796 4412 2917 4474 pro
2948 4390 3112 4456 CCC
3142 4391 3285 4454 ouis
3314 4390 3817 4473 V11112gr.pro
3848 4390 4137 4453 LXXX

943 4496 1154 4558 caseis
1198 4496 1302 4558 III
1349 4497 1517 4560 scoti
1565 4497 1708 4560 XII
1755 4501 1904 4561 den.
1970 4521 2091 4580 pro
2139 4498 2310 4560 VIII
2360 4499 2508 4561 ollis
2555 4499 2754 4562 butiri
2799 4498 2977 4560 XIV
3024 4499 3191 4561 scoti
3249 4499 3279 4560 Ι
3328 4519 3425 4581 gr.
3491 4518 3612 4580 pro
3678 4499 3832 4560 albo
3880 4517 4054 4579 pane
4102 4498 4133 4559 Ι

943 4625 1104 4666 mar.
1152 4625 1273 4684 pro
1320 4605 1422 4667 III
1471 4607 1775 4669 castratis
1822 4607 1930 4668 IX
1977 4607 2160 4669 scoti.

1155 4712 1274 4775 Ad
1321 4733 1556 4776 cenam
1606 4714 1740 4776 dno
1788 4715 1938 4776 duci
1985 4735 2106 4795 pro
2155 4715 2449 4796 piscibus
2495 4714 2527 4775 I
2576 4735 2673 4796 gr.
2722 4714 2822 4775 VI
2867 4715 3015 4777 den.
3083 4734 3204 4795 pro
3269 4713 3579 4776 carnibus
3640 4712 4022 4775 recentibus
4068 4711 4133 4772 V

939 4842 1038 4903 gr.
1088 4841 1209 4902 pro
1255 4822 1494 4884 boletis
1541 4821 1684 4884 XII
1730 4824 1880 4885 den.
1927 4842 2047 4903 pro
2094 4824 2268 4884 lacte
2318 4832 2384 4884 et
2430 4842 2656 4884 crema
2702 4822 2735 4883 I
2782 4842 2878 4904 gr.
2925 4820 3061 4884 VII
3109 4823 3257 4883 den.
3314 4841 3436 4903 pro
3482 4829 3673 4882 aceto
3720 4829 3790 4883 et
3834 4831 4132 4901 petroze-

938 4929 1073 4990 lino
1120 4928 1153 4991 Ι
1201 4939 1456 5010 quarta,
1503 4929 1782 4992 ceruisia
1829 4929 2112 5011 propria,
2161 4950 2375 4993 auene
2422 4929 2489 4990 V
2538 4929 2722 4993 chori
2772 4930 2953 5011 prius
2998 4930 3221 5010 empti.

1153 5037 1435 5100 Summa
1480 5037 1610 5100 diei
1656 5036 1755 5099 IV
1804 5057 1964 5099 mar.
2011 5036 2226 5099 XVII
2271 5038 2439 5100 scoti
2484 5036 2551 5097 V
2597 5039 2745 5098 den.

1153 5144 1348 5206 Feria
1395 5144 1494 5206 IV
1543 5146 1699 5228 (3s6)
1748 5146 1889 5208 dux
1938 5145 2320 5226 Andreyko
2368 5145 2595 5207 limina
2634 5155 2862 5208 sancte
2892 5145 3120 5208 Crucis
3157 5143 3511 5225 processit,
3560 5142 3975 5207 curiensibus
4008 5164 4133 5225 pro

937 5252 1230 5333 piscibus
1278 5253 1386 5332 Ι’,12
1447 5274 1545 5336 gr.
1594 5253 1750 5334 quia
1798 5253 1999 5334 aliqui
2049 5253 2596 5334 relinquebantur
2644 5273 2744 5326 eo,
2792 5254 2975 5334 quod
3021 5273 3153 5313 non
3201 5253 3579 5314 habuerunt
3642 5251 3706 5313 in
3757 5271 3893 5332 quo
3950 5253 4133 5333 equi-

936 5368 1113 5432 tare;
1162 5381 1284 5440 pro
1333 5360 1572 5422 boletis
1619 5359 1762 5421 XII
1809 5361 1958 5422 den.
2008 5360 2134 5422 alia
2183 5360 2406 5421 omnia
2453 5358 2721 5422 fuerunt
2764 5361 2948 5441 prius
2996 5368 3238 5440 empta,
3304 5379 3523 5441 coquo
3588 5360 3702 5422 dni
3765 5359 3955 5422 ducis
4010 5380 4131 5441 pro

937 5467 1178 5530 calceis
1225 5469 1311 5528 ad
1359 5468 1538 5529 uiam
1587 5467 1686 5528 III
1737 5487 1835 5550 gr.
1901 5470 2036 5530 dno
2084 5469 2233 5530 duci
2300 5469 2382 5529 ad
2454 5467 2631 5529 viam
2696 5489 2817 5549 pro
2884 5467 3201 5549 expensis
3267 5468 3298 5529 I
3358 5487 3516 5530 mar.
3582 5465 3685 5528 VI
3746 5467 3944 5541 scoti,
4007 5489 4132 5550 pro

936 5575 1376 5656 exempcione
1423 5576 1707 5637 duarum
1755 5575 2127 5637 tunicarum
2177 5574 2472 5636 Rutenis
2519 5595 2559 5636 a
2604 5585 2860 5637 sartore
2908 5574 3009 5636 IV
3056 5576 3203 5636 den.

1149 5682 1305 5762 Ipso
1353 5682 1458 5742 die
1506 5682 1570 5742 in
1621 5681 1876 5744 Buszko
1912 5690 2272 5762 apparatus
2311 5693 2692 5762 coemptus:
2740 5703 2861 5763 pro
2902 5682 2957 5743 L
2996 5703 3204 5745 mens.
3244 5703 3475 5756 auene,
3513 5682 3881 5764 quemlibet
3920 5703 4125 5744 mens.
