<?xml version="1.0" encoding="UTF-8"?>
<!DOCTYPE html PUBLIC "-//W3C//DTD XHTML 1.0 Transitional//EN"
    "http://www.w3.org/TR/xhtml1/DTD/xhtml1-transitional.dtd">
<html xmlns="http://www.w3.org/1999/xhtml" xml:lang="en" lang="en">
 <head>
  <title>
</title>
<meta http-equiv="Content-Type" content="text/html;charset=utf-8" />
  <meta name='ocr-system' content='tesseract 3.04.00' />
  <meta name='ocr-capabilities' content='ocr_page ocr_carea ocr_par ocr_line ocrx_word'/>
</head>
<body>
  <div class='ocr_page' id='page_1' title='image "./rachunkidworukr00unkngoog_0247.png"; bbox 0 0 4592 6559; ppageno 0'>
   <div class='ocr_carea' id='block_1_1' title="bbox 933 458 3493 541">
    <p class='ocr_par' dir='ltr' id='par_1_1' title="bbox 933 458 3493 541">
     <span class='ocr_line' id='line_1_1' title="bbox 933 458 3493 541; baseline -0.002 -17"><span class='ocrx_word' id='word_1_1' title='bbox 933 469 1055 541; x_wconf 80' lang='lat'><strong>236</strong></span> <span class='ocrx_word' id='word_1_2' title='bbox 1605 473 1985 539; x_wconf 80' lang='lat' dir='ltr'>REJESTRA</span> <span class='ocrx_word' id='word_1_3' title='bbox 2033 472 2547 535; x_wconf 64' lang='lat' dir='ltr'>PODRzECTWA</span> <span class='ocrx_word' id='word_1_4' title='bbox 2594 458 3254 522; x_wconf 71' lang='lat' dir='ltr'><strong>KORCZYNSKIEGO.</strong></span> <span class='ocrx_word' id='word_1_5' title='bbox 3310 477 3493 537; x_wconf 86' lang='lat'>1394·</span> 
     </span>
    </p>
   </div>
   <div class='ocr_carea' id='block_1_2' title="bbox 1144 674 2544 758">
    <p class='ocr_par' dir='ltr' id='par_1_2' title="bbox 1144 674 2544 758">
     <span class='ocr_line' id='line_1_2' title="bbox 1144 674 2544 758; baseline -0.003 -18"><span class='ocrx_word' id='word_1_6' title='bbox 1144 676 1431 740; x_wconf 88' lang='lat' dir='ltr'><strong>Summa</strong></span> <span class='ocrx_word' id='word_1_7' title='bbox 1476 675 1605 739; x_wconf 91' lang='lat' dir='ltr'><strong>diei</strong></span> <span class='ocrx_word' id='word_1_8' title='bbox 1655 675 1767 738; x_wconf 91' lang='lat' dir='ltr'>IX</span> <span class='ocrx_word' id='word_1_9' title='bbox 1814 675 1980 738; x_wconf 87' lang='lat' dir='ltr'><strong>scoti</strong></span> <span class='ocrx_word' id='word_1_10' title='bbox 2028 675 2059 737; x_wconf 96' lang='lat' dir='ltr'>I</span> <span class='ocrx_word' id='word_1_11' title='bbox 2106 694 2205 758; x_wconf 89' lang='lat' dir='ltr'><strong>gr.</strong></span> <span class='ocrx_word' id='word_1_12' title='bbox 2253 674 2284 737; x_wconf 95' lang='grc' dir='ltr'><strong>Ι</strong></span> <span class='ocrx_word' id='word_1_13' title='bbox 2334 682 2544 756; x_wconf 80' lang='lat' dir='ltr'><strong>quart.</strong></span> 
     </span>
    </p>
   </div>
   <div class='ocr_carea' id='block_1_3' title="bbox 931 779 4137 2047">
    <p class='ocr_par' dir='ltr' id='par_1_3' title="bbox 931 779 4131 1296">
     <span class='ocr_line' id='line_1_3' title="bbox 1143 779 4128 868; baseline -0.002 -19"><span class='ocrx_word' id='word_1_14' title='bbox 1143 784 1340 849; x_wconf 90' lang='lat' dir='ltr'><strong>Feria</strong></span> <span class='ocrx_word' id='word_1_15' title='bbox 1386 783 1454 845; x_wconf 97' lang='lat' dir='ltr'>V</span> <span class='ocrx_word' id='word_1_16' title='bbox 1500 783 1558 866; x_wconf 97' lang='grc'><strong>(2</strong></span> <span class='ocrx_word' id='word_1_17' title='bbox 1579 781 1703 868; x_wconf 81' lang='lat' dir='ltr'><strong>¹l5)</strong></span> <span class='ocrx_word' id='word_1_18' title='bbox 1752 784 1888 846; x_wconf 88' lang='lat' dir='ltr'><strong>dno</strong></span> <span class='ocrx_word' id='word_1_19' title='bbox 1934 782 2088 847; x_wconf 89' lang='lat' dir='ltr'><strong>duci</strong></span> <span class='ocrx_word' id='word_1_20' title='bbox 2153 783 2240 844; x_wconf 86' lang='lat' dir='ltr'><strong>ad</strong></span> <span class='ocrx_word' id='word_1_21' title='bbox 2287 781 2676 864; x_wconf 88' lang='lat' dir='ltr'><strong>prandium:</strong></span> <span class='ocrx_word' id='word_1_22' title='bbox 2741 801 2865 863; x_wconf 93' lang='lat' dir='ltr'><strong>pro</strong></span> <span class='ocrx_word' id='word_1_23' title='bbox 2911 779 3291 843; x_wconf 84' lang='lat' dir='ltr'><strong>recentibus</strong></span> <span class='ocrx_word' id='word_1_24' title='bbox 3354 781 3665 843; x_wconf 88' lang='lat' dir='ltr'><strong>carnibus</strong></span> <span class='ocrx_word' id='word_1_25' title='bbox 3710 780 3811 844; x_wconf 85' lang='lat'><strong>111</strong></span> <span class='ocrx_word' id='word_1_26' title='bbox 3860 801 3961 866; x_wconf 88' lang='lat' dir='ltr'><strong>gr.</strong></span> <span class='ocrx_word' id='word_1_27' title='bbox 4006 802 4128 864; x_wconf 87' lang='lat' dir='ltr'><strong>pro</strong></span> 
     </span>
     <span class='ocr_line' id='line_1_4' title="bbox 931 887 4129 975; baseline -0.001 -19"><span class='ocrx_word' id='word_1_28' title='bbox 931 893 1243 975; x_wconf 86' lang='lat' dir='ltr'><strong>piscibus,</strong></span> <span class='ocrx_word' id='word_1_29' title='bbox 1292 891 1450 974; x_wconf 84' lang='lat' dir='ltr'><strong>quia</strong></span> <span class='ocrx_word' id='word_1_30' title='bbox 1495 912 1630 954; x_wconf 91' lang='lat' dir='ltr'><strong>non</strong></span> <span class='ocrx_word' id='word_1_31' title='bbox 1681 890 1976 954; x_wconf 89' lang='lat' dir='ltr'><strong>comedit</strong></span> <span class='ocrx_word' id='word_1_32' title='bbox 2021 909 2272 963; x_wconf 87' lang='lat' dir='ltr'><strong>carnes,</strong></span> <span class='ocrx_word' id='word_1_33' title='bbox 2322 888 2426 950; x_wconf 95' lang='lat' dir='ltr'><strong>III</strong></span> <span class='ocrx_word' id='word_1_34' title='bbox 2474 909 2571 972; x_wconf 86' lang='lat' dir='ltr'><strong>gr.</strong></span> <span class='ocrx_word' id='word_1_35' title='bbox 2620 887 2720 950; x_wconf 94' lang='lat' dir='ltr'>IV</span> <span class='ocrx_word' id='word_1_36' title='bbox 2767 889 2917 951; x_wconf 89' lang='lat' dir='ltr'><strong>den.</strong></span> <span class='ocrx_word' id='word_1_37' title='bbox 2962 907 3086 970; x_wconf 90' lang='lat' dir='ltr'><strong>pro</strong></span> <span class='ocrx_word' id='word_1_38' title='bbox 3132 889 3306 950; x_wconf 88' lang='lat' dir='ltr'><strong>lacte</strong></span> <span class='ocrx_word' id='word_1_39' title='bbox 3353 897 3421 950; x_wconf 91' lang='lat' dir='ltr'><strong>et</strong></span> <span class='ocrx_word' id='word_1_40' title='bbox 3466 906 3693 952; x_wconf 87' lang='lat' dir='ltr'><strong>crema</strong></span> <span class='ocrx_word' id='word_1_41' title='bbox 3728 888 3831 951; x_wconf 94' lang='lat' dir='ltr'><strong>III</strong></span> <span class='ocrx_word' id='word_1_42' title='bbox 3869 909 3970 972; x_wconf 87' lang='lat' dir='ltr'><strong>gr.</strong></span> <span class='ocrx_word' id='word_1_43' title='bbox 4006 909 4129 970; x_wconf 92' lang='lat' dir='ltr'><strong>pro</strong></span> 
     </span>
     <span class='ocr_line' id='line_1_5' title="bbox 931 995 4128 1083; baseline -0.002 -20"><span class='ocrx_word' id='word_1_44' title='bbox 931 999 1174 1063; x_wconf 90' lang='lat' dir='ltr'><strong>boletis</strong></span> <span class='ocrx_word' id='word_1_45' title='bbox 1219 999 1252 1061; x_wconf 94' lang='lat' dir='ltr'>I</span> <span class='ocrx_word' id='word_1_46' title='bbox 1300 1019 1398 1083; x_wconf 87' lang='lat' dir='ltr'><strong>gr.</strong></span> <span class='ocrx_word' id='word_1_47' title='bbox 1446 998 1588 1062; x_wconf 90' lang='lat' dir='ltr'><strong>VII</strong></span> <span class='ocrx_word' id='word_1_48' title='bbox 1635 999 1786 1060; x_wconf 90' lang='lat' dir='ltr'><strong>den.</strong></span> <span class='ocrx_word' id='word_1_49' title='bbox 1831 1017 1956 1079; x_wconf 92' lang='lat' dir='ltr'><strong>pro</strong></span> <span class='ocrx_word' id='word_1_50' title='bbox 2003 998 2224 1060; x_wconf 86' lang='lat' dir='ltr'><strong>butiro</strong></span> <span class='ocrx_word' id='word_1_51' title='bbox 2272 996 2305 1058; x_wconf 98' lang='lat' dir='ltr'>I</span> <span class='ocrx_word' id='word_1_52' title='bbox 2353 1016 2451 1080; x_wconf 85' lang='lat' dir='ltr'><strong>gr.</strong></span> <span class='ocrx_word' id='word_1_53' title='bbox 2499 1016 2619 1077; x_wconf 91' lang='lat' dir='ltr'><strong>pro</strong></span> <span class='ocrx_word' id='word_1_54' title='bbox 2666 997 2821 1057; x_wconf 92' lang='lat' dir='ltr'><strong>albo</strong></span> <span class='ocrx_word' id='word_1_55' title='bbox 2876 1015 3051 1077; x_wconf 91' lang='lat' dir='ltr'><strong>pane</strong></span> <span class='ocrx_word' id='word_1_56' title='bbox 3098 995 3129 1056; x_wconf 91' lang='lat'>1</span> <span class='ocrx_word' id='word_1_57' title='bbox 3176 1006 3339 1057; x_wconf 88' lang='lat' dir='ltr'><strong>scot.</strong></span> <span class='ocrx_word' id='word_1_58' title='bbox 3404 1015 3527 1076; x_wconf 90' lang='lat' dir='ltr'><strong>pro</strong></span> <span class='ocrx_word' id='word_1_59' title='bbox 3572 997 3982 1077; x_wconf 88' lang='lat' dir='ltr'><strong>petrozelino</strong></span> <span class='ocrx_word' id='word_1_60' title='bbox 4028 995 4128 1058; x_wconf 94' lang='lat' dir='ltr'>IV</span> 
     </span>
     <span class='ocr_line' id='line_1_6' title="bbox 933 1102 4131 1189; baseline -0.002 -18"><span class='ocrx_word' id='word_1_61' title='bbox 933 1109 1083 1171; x_wconf 89' lang='lat' dir='ltr'><strong>den.</strong></span> <span class='ocrx_word' id='word_1_62' title='bbox 1132 1126 1252 1188; x_wconf 92' lang='lat' dir='ltr'><strong>pro</strong></span> <span class='ocrx_word' id='word_1_63' title='bbox 1301 1105 1592 1169; x_wconf 90' lang='lat' dir='ltr'><strong>oleribus</strong></span> <span class='ocrx_word' id='word_1_64' title='bbox 1638 1105 1672 1167; x_wconf 94' lang='grc' dir='ltr'><strong>Ι</strong></span> <span class='ocrx_word' id='word_1_65' title='bbox 1720 1125 1819 1189; x_wconf 89' lang='lat' dir='ltr'><strong>gr.</strong></span> <span class='ocrx_word' id='word_1_66' title='bbox 1866 1104 2044 1169; x_wconf 85' lang='lat' dir='ltr'><strong>casei</strong></span> <span class='ocrx_word' id='word_1_67' title='bbox 2090 1103 2261 1166; x_wconf 89' lang='lat' dir='ltr'>VIII</span> <span class='ocrx_word' id='word_1_68' title='bbox 2309 1104 2493 1185; x_wconf 89' lang='lat' dir='ltr'><strong>prius</strong></span> <span class='ocrx_word' id='word_1_69' title='bbox 2538 1103 2759 1184; x_wconf 84' lang='lat' dir='ltr'><strong>empti,</strong></span> <span class='ocrx_word' id='word_1_70' title='bbox 2808 1103 2999 1184; x_wconf 88' lang='lat' dir='ltr'><strong>panis</strong></span> <span class='ocrx_word' id='word_1_71' title='bbox 3044 1102 3326 1186; x_wconf 82' lang='lat' dir='ltr'>siliginis</span> <span class='ocrx_word' id='word_1_72' title='bbox 3363 1102 3430 1165; x_wconf 95' lang='lat' dir='ltr'><strong>II</strong></span> <span class='ocrx_word' id='word_1_73' title='bbox 3458 1123 3693 1186; x_wconf 82' lang='lat' dir='ltr'><strong>sexag.</strong></span> <span class='ocrx_word' id='word_1_74' title='bbox 3732 1103 3916 1185; x_wconf 89' lang='lat' dir='ltr'><strong>prius</strong></span> <span class='ocrx_word' id='word_1_75' title='bbox 3950 1124 4131 1166; x_wconf 89' lang='lat' dir='ltr'><strong>com-</strong></span> 
     </span>
     <span class='ocr_line' id='line_1_7' title="bbox 934 1211 2594 1296; baseline -0.003 -19"><span class='ocrx_word' id='word_1_76' title='bbox 934 1224 1182 1296; x_wconf 88' lang='lat' dir='ltr'><strong>parate,</strong></span> <span class='ocrx_word' id='word_1_77' title='bbox 1231 1211 1510 1276; x_wconf 90' lang='lat' dir='ltr'><strong>ceruisie</strong></span> <span class='ocrx_word' id='word_1_78' title='bbox 1556 1212 1588 1274; x_wconf 92' lang='lat' dir='ltr'>I</span> <span class='ocrx_word' id='word_1_79' title='bbox 1636 1213 1901 1275; x_wconf 90' lang='lat' dir='ltr'><strong>octuale</strong></span> <span class='ocrx_word' id='word_1_80' title='bbox 1949 1223 2017 1274; x_wconf 90' lang='lat' dir='ltr'><strong>et</strong></span> <span class='ocrx_word' id='word_1_81' title='bbox 2063 1213 2263 1274; x_wconf 92' lang='lat' dir='ltr'><strong>medo</strong></span> <span class='ocrx_word' id='word_1_82' title='bbox 2310 1211 2594 1293; x_wconf 91' lang='lat' dir='ltr'><strong>propria.</strong></span> 
     </span>
    </p>

    <p class='ocr_par' dir='ltr' id='par_1_4' title="bbox 937 1317 4131 1512">
     <span class='ocr_line' id='line_1_8' title="bbox 1149 1317 4131 1402; baseline -0 -19"><span class='ocrx_word' id='word_1_83' title='bbox 1149 1320 1431 1383; x_wconf 86' lang='lat' dir='ltr'><strong>Nicolao</strong></span> <span class='ocrx_word' id='word_1_84' title='bbox 1488 1318 1790 1382; x_wconf 87' lang='lat' dir='ltr'><strong>seruitori</strong></span> <span class='ocrx_word' id='word_1_85' title='bbox 1853 1319 1968 1382; x_wconf 89' lang='lat' dir='ltr'><strong>dni</strong></span> <span class='ocrx_word' id='word_1_86' title='bbox 2033 1318 2222 1381; x_wconf 89' lang='lat' dir='ltr'><strong>ducis</strong></span> <span class='ocrx_word' id='word_1_87' title='bbox 2269 1318 2335 1379; x_wconf 87' lang='lat' dir='ltr'><strong>in</strong></span> <span class='ocrx_word' id='word_1_88' title='bbox 2402 1317 2543 1380; x_wconf 90' lang='lat' dir='ltr'><strong>eius</strong></span> <span class='ocrx_word' id='word_1_89' title='bbox 2609 1317 2957 1400; x_wconf 84' lang='lat' dir='ltr'>legacione</span> <span class='ocrx_word' id='word_1_90' title='bbox 3020 1319 3107 1380; x_wconf 90' lang='lat' dir='ltr'><strong>ad</strong></span> <span class='ocrx_word' id='word_1_91' title='bbox 3172 1319 3379 1380; x_wconf 88' lang='lat' dir='ltr'><strong>dnum</strong></span> <span class='ocrx_word' id='word_1_92' title='bbox 3446 1319 3717 1402; x_wconf 84' lang='lat' dir='ltr'>Regem</span> <span class='ocrx_word' id='word_1_93' title='bbox 3784 1319 4131 1383; x_wconf 88' lang='lat' dir='ltr'><strong>Poloniam</strong></span> 
     </span>
     <span class='ocr_line' id='line_1_9' title="bbox 937 1423 4131 1512; baseline -0 -21"><span class='ocrx_word' id='word_1_94' title='bbox 937 1428 1279 1511; x_wconf 81' lang='lat' dir='ltr'><strong>equitanti,</strong></span> <span class='ocrx_word' id='word_1_95' title='bbox 1324 1447 1448 1509; x_wconf 93' lang='lat' dir='ltr'><strong>pro</strong></span> <span class='ocrx_word' id='word_1_96' title='bbox 1495 1427 1813 1509; x_wconf 84' lang='lat' dir='ltr'><strong>expensis</strong></span> <span class='ocrx_word' id='word_1_97' title='bbox 1859 1426 2110 1489; x_wconf 86' lang='lat' dir='ltr'>XVIII</span> <span class='ocrx_word' id='word_1_98' title='bbox 2157 1425 2341 1500; x_wconf 89' lang='lat' dir='ltr'><strong>scoti,</strong></span> <span class='ocrx_word' id='word_1_99' title='bbox 2408 1445 2531 1507; x_wconf 86' lang='lat' dir='ltr'><strong>pro</strong></span> <span class='ocrx_word' id='word_1_100' title='bbox 2594 1423 3035 1487; x_wconf 85' lang='lat' dir='ltr'><strong>sufferacione</strong></span> <span class='ocrx_word' id='word_1_101' title='bbox 3100 1445 3423 1507; x_wconf 88' lang='lat' dir='ltr'><strong>equorum</strong></span> <span class='ocrx_word' id='word_1_102' title='bbox 3492 1424 3605 1488; x_wconf 91' lang='lat' dir='ltr'><strong>dni</strong></span> <span class='ocrx_word' id='word_1_103' title='bbox 3651 1426 3839 1489; x_wconf 91' lang='lat' dir='ltr'><strong>ducis</strong></span> <span class='ocrx_word' id='word_1_104' title='bbox 3884 1426 3987 1489; x_wconf 91' lang='lat' dir='ltr'><strong>III</strong></span> <span class='ocrx_word' id='word_1_105' title='bbox 4034 1448 4131 1512; x_wconf 88' lang='lat' dir='ltr'><strong>gr.</strong></span> 
     </span>
    </p>

    <p class='ocr_par' dir='ltr' id='par_1_5' title="bbox 937 1532 4137 1940">
     <span class='ocr_line' id='line_1_10' title="bbox 1150 1532 4137 1617; baseline 0 -19"><span class='ocrx_word' id='word_1_106' title='bbox 1150 1536 1270 1598; x_wconf 81' lang='lat' dir='ltr'><strong>Ad</strong></span> <span class='ocrx_word' id='word_1_107' title='bbox 1318 1554 1554 1597; x_wconf 84' lang='lat' dir='ltr'><strong>cenam</strong></span> <span class='ocrx_word' id='word_1_108' title='bbox 1620 1535 1754 1597; x_wconf 88' lang='lat' dir='ltr'><strong>dno</strong></span> <span class='ocrx_word' id='word_1_109' title='bbox 1819 1533 2006 1596; x_wconf 89' lang='lat' dir='ltr'><strong>duci:</strong></span> <span class='ocrx_word' id='word_1_110' title='bbox 2074 1553 2196 1615; x_wconf 91' lang='lat' dir='ltr'><strong>pro</strong></span> <span class='ocrx_word' id='word_1_111' title='bbox 2262 1533 2556 1615; x_wconf 89' lang='lat' dir='ltr'><strong>piscibus</strong></span> <span class='ocrx_word' id='word_1_112' title='bbox 2620 1532 2651 1594; x_wconf 94' lang='lat' dir='ltr'>I</span> <span class='ocrx_word' id='word_1_113' title='bbox 2700 1542 2863 1595; x_wconf 89' lang='lat' dir='ltr'><strong>scot.</strong></span> <span class='ocrx_word' id='word_1_114' title='bbox 2928 1553 3049 1614; x_wconf 91' lang='lat' dir='ltr'><strong>pro</strong></span> <span class='ocrx_word' id='word_1_115' title='bbox 3114 1532 3336 1596; x_wconf 90' lang='lat' dir='ltr'><strong>butiro</strong></span> <span class='ocrx_word' id='word_1_116' title='bbox 3400 1533 3433 1595; x_wconf 95' lang='lat' dir='ltr'>I</span> <span class='ocrx_word' id='word_1_117' title='bbox 3498 1553 3599 1617; x_wconf 89' lang='lat' dir='ltr'><strong>gr.</strong></span> <span class='ocrx_word' id='word_1_118' title='bbox 3663 1554 3786 1615; x_wconf 90' lang='lat' dir='ltr'><strong>pro</strong></span> <span class='ocrx_word' id='word_1_119' title='bbox 3850 1536 4024 1598; x_wconf 87' lang='lat' dir='ltr'><strong>lacte</strong></span> <span class='ocrx_word' id='word_1_120' title='bbox 4068 1546 4137 1598; x_wconf 90' lang='lat' dir='ltr'><strong>et</strong></span> 
     </span>
     <span class='ocr_line' id='line_1_11' title="bbox 939 1638 4135 1725; baseline -0 -18"><span class='ocrx_word' id='word_1_121' title='bbox 939 1665 1166 1707; x_wconf 87' lang='lat' dir='ltr'><strong>crema</strong></span> <span class='ocrx_word' id='word_1_122' title='bbox 1212 1644 1243 1705; x_wconf 89' lang='grc' dir='ltr'><strong>Ι</strong></span> <span class='ocrx_word' id='word_1_123' title='bbox 1290 1654 1451 1707; x_wconf 92' lang='lat' dir='ltr'><strong>scot.</strong></span> <span class='ocrx_word' id='word_1_124' title='bbox 1499 1663 1622 1725; x_wconf 90' lang='lat' dir='ltr'><strong>pro</strong></span> <span class='ocrx_word' id='word_1_125' title='bbox 1667 1641 1908 1705; x_wconf 89' lang='lat' dir='ltr'><strong>boletis</strong></span> <span class='ocrx_word' id='word_1_126' title='bbox 1955 1641 1988 1703; x_wconf 93' lang='lat' dir='ltr'>I</span> <span class='ocrx_word' id='word_1_127' title='bbox 2036 1662 2134 1724; x_wconf 88' lang='lat' dir='ltr'><strong>gr.</strong></span> <span class='ocrx_word' id='word_1_128' title='bbox 2199 1661 2321 1722; x_wconf 89' lang='lat' dir='ltr'><strong>pro</strong></span> <span class='ocrx_word' id='word_1_129' title='bbox 2368 1640 2778 1721; x_wconf 87' lang='lat' dir='ltr'><strong>petrozelino</strong></span> <span class='ocrx_word' id='word_1_130' title='bbox 2825 1638 2924 1701; x_wconf 93' lang='lat' dir='ltr'>IV</span> <span class='ocrx_word' id='word_1_131' title='bbox 2973 1641 3123 1703; x_wconf 88' lang='lat' dir='ltr'><strong>den.</strong></span> <span class='ocrx_word' id='word_1_132' title='bbox 3188 1661 3320 1703; x_wconf 89' lang='lat' dir='ltr'><strong>oua</strong></span> <span class='ocrx_word' id='word_1_133' title='bbox 3366 1640 3617 1704; x_wconf 88' lang='lat' dir='ltr'>XVIII</span> <span class='ocrx_word' id='word_1_134' title='bbox 3662 1641 3847 1723; x_wconf 87' lang='lat' dir='ltr'><strong>prius</strong></span> <span class='ocrx_word' id='word_1_135' title='bbox 3894 1651 4135 1725; x_wconf 87' lang='lat' dir='ltr'><strong>empta,</strong></span> 
     </span>
     <span class='ocr_line' id='line_1_12' title="bbox 937 1746 4137 1834; baseline 0 -21"><span class='ocrx_word' id='word_1_136' title='bbox 937 1752 1130 1834; x_wconf 87' lang='lat' dir='ltr'><strong>panis</strong></span> <span class='ocrx_word' id='word_1_137' title='bbox 1175 1748 1455 1834; x_wconf 84' lang='lat' dir='ltr'><strong>siliginis</strong></span> <span class='ocrx_word' id='word_1_138' title='bbox 1500 1749 1684 1832; x_wconf 90' lang='lat' dir='ltr'><strong>prius</strong></span> <span class='ocrx_word' id='word_1_139' title='bbox 1731 1758 2177 1831; x_wconf 83' lang='lat' dir='ltr'><strong>comparatuS,</strong></span> <span class='ocrx_word' id='word_1_140' title='bbox 2224 1767 2437 1810; x_wconf 89' lang='lat' dir='ltr'><strong>auene</strong></span> <span class='ocrx_word' id='word_1_141' title='bbox 2484 1746 2551 1808; x_wconf 91' lang='lat' dir='ltr'>V</span> <span class='ocrx_word' id='word_1_142' title='bbox 2590 1747 2770 1810; x_wconf 91' lang='lat' dir='ltr'><strong>chori</strong></span> <span class='ocrx_word' id='word_1_143' title='bbox 2818 1747 2999 1830; x_wconf 90' lang='lat' dir='ltr'><strong>prius</strong></span> <span class='ocrx_word' id='word_1_144' title='bbox 3046 1749 3269 1830; x_wconf 89' lang='lat' dir='ltr'><strong>empti,</strong></span> <span class='ocrx_word' id='word_1_145' title='bbox 3314 1746 3543 1810; x_wconf 89' lang='lat' dir='ltr'><strong>fenum</strong></span> <span class='ocrx_word' id='word_1_146' title='bbox 3590 1749 3774 1831; x_wconf 90' lang='lat' dir='ltr'><strong>prius</strong></span> <span class='ocrx_word' id='word_1_147' title='bbox 3820 1760 4137 1832; x_wconf 87' lang='lat' dir='ltr'><strong>emptum,</strong></span> 
     </span>
     <span class='ocr_line' id='line_1_13' title="bbox 939 1857 1790 1940; baseline -0.002 -18"><span class='ocrx_word' id='word_1_148' title='bbox 939 1858 1194 1922; x_wconf 87' lang='lat' dir='ltr'><strong>lumina</strong></span> <span class='ocrx_word' id='word_1_149' title='bbox 1239 1859 1468 1921; x_wconf 90' lang='lat' dir='ltr'><strong>XXX</strong></span> <span class='ocrx_word' id='word_1_150' title='bbox 1504 1857 1790 1940; x_wconf 87' lang='lat' dir='ltr'><strong>propria.</strong></span> 
     </span>
    </p>

    <p class='ocr_par' dir='ltr' id='par_1_6' title="bbox 1156 1963 2852 2047">
     <span class='ocr_line' id='line_1_14' title="bbox 1156 1963 2852 2047; baseline -0.003 -17"><span class='ocrx_word' id='word_1_151' title='bbox 1156 1964 1442 2030; x_wconf 90' lang='lat' dir='ltr'><strong>Summa</strong></span> <span class='ocrx_word' id='word_1_152' title='bbox 1487 1964 1619 2029; x_wconf 91' lang='lat' dir='ltr'><strong>diei</strong></span> <span class='ocrx_word' id='word_1_153' title='bbox 1665 1965 1700 2027; x_wconf 94' lang='lat' dir='ltr'>I</span> <span class='ocrx_word' id='word_1_154' title='bbox 1745 1985 1906 2026; x_wconf 90' lang='lat' dir='ltr'><strong>mar.</strong></span> <span class='ocrx_word' id='word_1_155' title='bbox 1956 1964 2023 2025; x_wconf 95' lang='lat' dir='ltr'>V</span> <span class='ocrx_word' id='word_1_156' title='bbox 2070 1964 2239 2028; x_wconf 87' lang='lat' dir='ltr'><strong>scoti</strong></span> <span class='ocrx_word' id='word_1_157' title='bbox 2287 1964 2355 2027; x_wconf 95' lang='lat' dir='ltr'><strong>II</strong></span> <span class='ocrx_word' id='word_1_158' title='bbox 2403 1984 2501 2047; x_wconf 89' lang='lat' dir='ltr'><strong>gr.</strong></span> <span class='ocrx_word' id='word_1_159' title='bbox 2549 1963 2651 2027; x_wconf 94' lang='lat' dir='ltr'><strong>III</strong></span> <span class='ocrx_word' id='word_1_160' title='bbox 2697 1964 2852 2026; x_wconf 91' lang='lat' dir='ltr'><strong>den.</strong></span> 
     </span>
    </p>
   </div>
   <div class='ocr_carea' id='block_1_4' title="bbox 944 2070 4152 3446">
    <p class='ocr_par' dir='ltr' id='par_1_7' title="bbox 944 2070 4144 2688">
     <span class='ocr_line' id='line_1_15' title="bbox 1159 2070 4139 2156; baseline 0 -20"><span class='ocrx_word' id='word_1_161' title='bbox 1159 2073 1357 2136; x_wconf 89' lang='lat' dir='ltr'><strong>Feria</strong></span> <span class='ocrx_word' id='word_1_162' title='bbox 1400 2071 1505 2135; x_wconf 94' lang='lat' dir='ltr'>VI</span> <span class='ocrx_word' id='word_1_163' title='bbox 1554 2075 1609 2153; x_wconf 91' lang='lat'><strong>(2</strong></span> <span class='ocrx_word' id='word_1_164' title='bbox 1623 2093 1653 2134; x_wconf 91' lang='lat'><em>2</em></span> <span class='ocrx_word' id='word_1_165' title='bbox 1661 2073 1755 2156; x_wconf 78' lang='lat' dir='ltr'><strong>s5)</strong></span> <span class='ocrx_word' id='word_1_166' title='bbox 1804 2073 1940 2134; x_wconf 90' lang='lat' dir='ltr'><strong>dno</strong></span> <span class='ocrx_word' id='word_1_167' title='bbox 1986 2071 2142 2134; x_wconf 90' lang='lat' dir='ltr'><strong>duci</strong></span> <span class='ocrx_word' id='word_1_168' title='bbox 2189 2083 2257 2134; x_wconf 90' lang='lat' dir='ltr'><strong>et</strong></span> <span class='ocrx_word' id='word_1_169' title='bbox 2304 2073 2440 2134; x_wconf 92' lang='lat' dir='ltr'><strong>dno</strong></span> <span class='ocrx_word' id='word_1_170' title='bbox 2486 2070 3047 2152; x_wconf 88' lang='lat' dir='ltr'><strong>viceprocuratori</strong></span> <span class='ocrx_word' id='word_1_171' title='bbox 3095 2072 3180 2133; x_wconf 90' lang='lat' dir='ltr'><strong>ad</strong></span> <span class='ocrx_word' id='word_1_172' title='bbox 3228 2072 3615 2153; x_wconf 87' lang='lat' dir='ltr'><strong>prandium:</strong></span> <span class='ocrx_word' id='word_1_173' title='bbox 3680 2093 3805 2154; x_wconf 88' lang='lat' dir='ltr'><strong>pro</strong></span> <span class='ocrx_word' id='word_1_174' title='bbox 3851 2073 4139 2155; x_wconf 86' lang='lat' dir='ltr'><strong>piscibus</strong></span> 
     </span>
     <span class='ocr_line' id='line_1_16' title="bbox 944 2178 4140 2263; baseline 0 -19"><span class='ocrx_word' id='word_1_175' title='bbox 944 2181 1322 2244; x_wconf 87' lang='lat' dir='ltr'><strong>recentibus</strong></span> <span class='ocrx_word' id='word_1_176' title='bbox 1371 2179 1482 2242; x_wconf 89' lang='lat' dir='ltr'>IX</span> <span class='ocrx_word' id='word_1_177' title='bbox 1529 2200 1628 2262; x_wconf 91' lang='lat' dir='ltr'><strong>gr.</strong></span> <span class='ocrx_word' id='word_1_178' title='bbox 1675 2199 1798 2260; x_wconf 91' lang='lat' dir='ltr'><strong>pro</strong></span> <span class='ocrx_word' id='word_1_179' title='bbox 1845 2180 1878 2240; x_wconf 94' lang='lat' dir='ltr'>I</span> <span class='ocrx_word' id='word_1_180' title='bbox 1925 2179 2226 2242; x_wconf 90' lang='lat' dir='ltr'><strong>salmone</strong></span> <span class='ocrx_word' id='word_1_181' title='bbox 2274 2179 2349 2240; x_wconf 90' lang='lat' dir='ltr'>X</span> <span class='ocrx_word' id='word_1_182' title='bbox 2395 2179 2578 2254; x_wconf 86' lang='lat' dir='ltr'><strong>scoti,</strong></span> <span class='ocrx_word' id='word_1_183' title='bbox 2625 2198 2748 2260; x_wconf 90' lang='lat' dir='ltr'><strong>pro</strong></span> <span class='ocrx_word' id='word_1_184' title='bbox 2796 2178 3035 2241; x_wconf 90' lang='lat' dir='ltr'><strong>boletis</strong></span> <span class='ocrx_word' id='word_1_185' title='bbox 3082 2179 3115 2241; x_wconf 95' lang='lat' dir='ltr'>I</span> <span class='ocrx_word' id='word_1_186' title='bbox 3152 2189 3314 2242; x_wconf 89' lang='lat' dir='ltr'><strong>scot.</strong></span> <span class='ocrx_word' id='word_1_187' title='bbox 3361 2199 3483 2260; x_wconf 90' lang='lat' dir='ltr'><strong>pro</strong></span> <span class='ocrx_word' id='word_1_188' title='bbox 3530 2181 3687 2242; x_wconf 90' lang='lat' dir='ltr'><strong>beta</strong></span> <span class='ocrx_word' id='word_1_189' title='bbox 3732 2189 3802 2243; x_wconf 90' lang='lat' dir='ltr'><strong>et</strong></span> <span class='ocrx_word' id='word_1_190' title='bbox 3846 2191 4140 2263; x_wconf 88' lang='lat' dir='ltr'><strong>petroze-</strong></span> 
     </span>
     <span class='ocr_line' id='line_1_17' title="bbox 945 2285 4141 2372; baseline 0.001 -22"><span class='ocrx_word' id='word_1_191' title='bbox 945 2288 1083 2351; x_wconf 91' lang='lat' dir='ltr'><strong>lino</strong></span> <span class='ocrx_word' id='word_1_192' title='bbox 1131 2288 1162 2349; x_wconf 93' lang='grc' dir='ltr'><strong>Ι</strong></span> <span class='ocrx_word' id='word_1_193' title='bbox 1211 2308 1308 2370; x_wconf 87' lang='lat' dir='ltr'><strong>gr.</strong></span> <span class='ocrx_word' id='word_1_194' title='bbox 1355 2308 1478 2369; x_wconf 93' lang='lat' dir='ltr'><strong>pro</strong></span> <span class='ocrx_word' id='word_1_195' title='bbox 1527 2288 1680 2349; x_wconf 90' lang='lat' dir='ltr'><strong>albo</strong></span> <span class='ocrx_word' id='word_1_196' title='bbox 1727 2307 1902 2369; x_wconf 89' lang='lat' dir='ltr'><strong>pane</strong></span> <span class='ocrx_word' id='word_1_197' title='bbox 1950 2286 1982 2348; x_wconf 92' lang='lat'>1</span> <span class='ocrx_word' id='word_1_198' title='bbox 2029 2307 2128 2370; x_wconf 91' lang='lat' dir='ltr'><strong>gr.</strong></span> <span class='ocrx_word' id='word_1_199' title='bbox 2193 2306 2317 2368; x_wconf 90' lang='lat' dir='ltr'><strong>pro</strong></span> <span class='ocrx_word' id='word_1_200' title='bbox 2362 2306 2700 2369; x_wconf 88' lang='lat' dir='ltr'><strong>papavere</strong></span> <span class='ocrx_word' id='word_1_201' title='bbox 2747 2286 2780 2348; x_wconf 95' lang='lat' dir='ltr'>I</span> <span class='ocrx_word' id='word_1_202' title='bbox 2827 2306 2925 2369; x_wconf 90' lang='lat' dir='ltr'><strong>gr.</strong></span> <span class='ocrx_word' id='word_1_203' title='bbox 2972 2285 3162 2367; x_wconf 84' lang='lat' dir='ltr'><strong>panis</strong></span> <span class='ocrx_word' id='word_1_204' title='bbox 3207 2286 3486 2369; x_wconf 83' lang='lat' dir='ltr'><strong>siliginis</strong></span> <span class='ocrx_word' id='word_1_205' title='bbox 3531 2287 3633 2349; x_wconf 91' lang='lat'><strong>111</strong></span> <span class='ocrx_word' id='word_1_206' title='bbox 3680 2307 3917 2372; x_wconf 84' lang='lat' dir='ltr'><strong>sexag.</strong></span> <span class='ocrx_word' id='word_1_207' title='bbox 3962 2289 4141 2372; x_wconf 89' lang='lat' dir='ltr'><strong>prius</strong></span> 
     </span>
     <span class='ocr_line' id='line_1_18' title="bbox 948 2391 4143 2478; baseline 0 -20"><span class='ocrx_word' id='word_1_208' title='bbox 948 2405 1352 2476; x_wconf 87' lang='lat' dir='ltr'><strong>comparate,</strong></span> <span class='ocrx_word' id='word_1_209' title='bbox 1400 2394 1678 2457; x_wconf 87' lang='lat' dir='ltr'><strong>ceruisie</strong></span> <span class='ocrx_word' id='word_1_210' title='bbox 1725 2393 1758 2455; x_wconf 97' lang='lat' dir='ltr'>I</span> <span class='ocrx_word' id='word_1_211' title='bbox 1805 2395 2087 2468; x_wconf 90' lang='lat' dir='ltr'><strong>octuale‚</strong></span> <span class='ocrx_word' id='word_1_212' title='bbox 2155 2394 2463 2456; x_wconf 88' lang='lat' dir='ltr'><strong>medonis</strong></span> <span class='ocrx_word' id='word_1_213' title='bbox 2508 2393 2539 2455; x_wconf 95' lang='lat' dir='ltr'>I</span> <span class='ocrx_word' id='word_1_214' title='bbox 2588 2394 2849 2455; x_wconf 91' lang='lat' dir='ltr'><strong>octuale</strong></span> <span class='ocrx_word' id='word_1_215' title='bbox 2915 2394 2999 2455; x_wconf 91' lang='lat' dir='ltr'><strong>de</strong></span> <span class='ocrx_word' id='word_1_216' title='bbox 3066 2391 3390 2456; x_wconf 89' lang='lat' dir='ltr'><strong>Cracouia</strong></span> <span class='ocrx_word' id='word_1_217' title='bbox 3454 2395 3739 2475; x_wconf 89' lang='lat' dir='ltr'><strong>propria,</strong></span> <span class='ocrx_word' id='word_1_218' title='bbox 3786 2396 3977 2478; x_wconf 88' lang='lat' dir='ltr'><strong>equis</strong></span> <span class='ocrx_word' id='word_1_219' title='bbox 4020 2416 4143 2477; x_wconf 91' lang='lat' dir='ltr'><strong>pro</strong></span> 
     </span>
     <span class='ocr_line' id='line_1_19' title="bbox 948 2500 4144 2584; baseline 0 -18"><span class='ocrx_word' id='word_1_220' title='bbox 948 2502 1156 2566; x_wconf 89' lang='lat' dir='ltr'><strong>diario</strong></span> <span class='ocrx_word' id='word_1_221' title='bbox 1203 2522 1415 2564; x_wconf 90' lang='lat' dir='ltr'><strong>auene</strong></span> <span class='ocrx_word' id='word_1_222' title='bbox 1461 2501 1528 2562; x_wconf 94' lang='lat' dir='ltr'>V</span> <span class='ocrx_word' id='word_1_223' title='bbox 1574 2504 1750 2566; x_wconf 91' lang='lat' dir='ltr'><strong>chor.</strong></span> <span class='ocrx_word' id='word_1_224' title='bbox 1814 2502 1998 2584; x_wconf 90' lang='lat' dir='ltr'><strong>prius</strong></span> <span class='ocrx_word' id='word_1_225' title='bbox 2062 2510 2303 2582; x_wconf 74' lang='lat' dir='ltr'><strong>empto,</strong></span> <span class='ocrx_word' id='word_1_226' title='bbox 2368 2500 2595 2563; x_wconf 90' lang='lat' dir='ltr'><strong>fenum</strong></span> <span class='ocrx_word' id='word_1_227' title='bbox 2663 2500 2874 2563; x_wconf 86' lang='lat' dir='ltr'><strong>eciam</strong></span> <span class='ocrx_word' id='word_1_228' title='bbox 2940 2500 3125 2582; x_wconf 91' lang='lat' dir='ltr'><strong>prius</strong></span> <span class='ocrx_word' id='word_1_229' title='bbox 3188 2509 3507 2582; x_wconf 90' lang='lat' dir='ltr'><strong>emptum.</strong></span> <span class='ocrx_word' id='word_1_230' title='bbox 3556 2539 3638 2546; x_wconf 90' lang='lat'><strong>—-</strong></span> <span class='ocrx_word' id='word_1_231' title='bbox 3688 2500 3971 2566; x_wconf 88' lang='lat' dir='ltr'><strong>Summa</strong></span> <span class='ocrx_word' id='word_1_232' title='bbox 4016 2503 4144 2566; x_wconf 90' lang='lat' dir='ltr'><strong>diei</strong></span> 
     </span>
     <span class='ocr_line' id='line_1_20' title="bbox 949 2610 3807 2688; baseline 0 -16"><span class='ocrx_word' id='word_1_233' title='bbox 949 2610 1164 2673; x_wconf 89' lang='lat' dir='ltr'><strong>XVII</strong></span> <span class='ocrx_word' id='word_1_234' title='bbox 1211 2610 1394 2673; x_wconf 86' lang='lat' dir='ltr'><strong>scoti.</strong></span> <span class='ocrx_word' id='word_1_235' title='bbox 3796 2677 3807 2688; x_wconf 64' lang='grc'><strong>,</strong></span> 
     </span>
    </p>

    <p class='ocr_par' dir='ltr' id='par_1_8' title="bbox 951 2716 4152 3446">
     <span class='ocr_line' id='line_1_21' title="bbox 1165 2716 4144 2806; baseline -0.001 -25"><span class='ocrx_word' id='word_1_236' title='bbox 1165 2717 1468 2781; x_wconf 89' lang='lat' dir='ltr'><strong>Sabbato</strong></span> <span class='ocrx_word' id='word_1_237' title='bbox 1516 2719 1572 2800; x_wconf 87' lang='grc'><strong>(2</strong></span> <span class='ocrx_word' id='word_1_238' title='bbox 1586 2717 1718 2801; x_wconf 78' lang='lat' dir='ltr'><strong>3s5)</strong></span> <span class='ocrx_word' id='word_1_239' title='bbox 1766 2718 1903 2779; x_wconf 90' lang='lat' dir='ltr'><strong>dno</strong></span> <span class='ocrx_word' id='word_1_240' title='bbox 1950 2717 2106 2780; x_wconf 88' lang='lat' dir='ltr'><strong>duci</strong></span> <span class='ocrx_word' id='word_1_241' title='bbox 2163 2727 2229 2779; x_wconf 90' lang='lat' dir='ltr'><strong>et</strong></span> <span class='ocrx_word' id='word_1_242' title='bbox 2276 2719 2413 2780; x_wconf 89' lang='lat' dir='ltr'><strong>dno</strong></span> <span class='ocrx_word' id='word_1_243' title='bbox 2461 2716 2871 2798; x_wconf 87' lang='lat' dir='ltr'><strong>procuratori</strong></span> <span class='ocrx_word' id='word_1_244' title='bbox 2918 2717 3004 2778; x_wconf 89' lang='lat' dir='ltr'><strong>ad</strong></span> <span class='ocrx_word' id='word_1_245' title='bbox 3050 2726 3260 2778; x_wconf 90' lang='lat' dir='ltr'><strong>totam</strong></span> <span class='ocrx_word' id='word_1_246' title='bbox 3307 2716 3523 2806; x_wconf 60' lang='lat' dir='ltr'><strong>diem:</strong></span> <span class='ocrx_word' id='word_1_247' title='bbox 3572 2737 3694 2798; x_wconf 90' lang='lat' dir='ltr'><strong>pro</strong></span> <span class='ocrx_word' id='word_1_248' title='bbox 3740 2717 4035 2800; x_wconf 90' lang='lat' dir='ltr'><strong>piscibus</strong></span> <span class='ocrx_word' id='word_1_249' title='bbox 4078 2718 4144 2778; x_wconf 94' lang='lat' dir='ltr'>V</span> 
     </span>
     <span class='ocr_line' id='line_1_22' title="bbox 951 2824 4148 2908; baseline 0 -20"><span class='ocrx_word' id='word_1_250' title='bbox 951 2826 1118 2890; x_wconf 89' lang='lat' dir='ltr'><strong>scoti</strong></span> <span class='ocrx_word' id='word_1_251' title='bbox 1165 2825 1196 2887; x_wconf 95' lang='lat' dir='ltr'>I</span> <span class='ocrx_word' id='word_1_252' title='bbox 1245 2845 1343 2908; x_wconf 87' lang='lat' dir='ltr'><strong>gr.</strong></span> <span class='ocrx_word' id='word_1_253' title='bbox 1391 2825 1500 2888; x_wconf 90' lang='lat' dir='ltr'><strong>alii</strong></span> <span class='ocrx_word' id='word_1_254' title='bbox 1545 2824 1808 2906; x_wconf 90' lang='lat' dir='ltr'><strong>proprii,</strong></span> <span class='ocrx_word' id='word_1_255' title='bbox 1875 2844 1998 2905; x_wconf 90' lang='lat' dir='ltr'><strong>pro</strong></span> <span class='ocrx_word' id='word_1_256' title='bbox 2043 2824 2281 2887; x_wconf 87' lang='lat' dir='ltr'><strong>boletis</strong></span> <span class='ocrx_word' id='word_1_257' title='bbox 2330 2825 2361 2886; x_wconf 94' lang='lat' dir='ltr'>I</span> <span class='ocrx_word' id='word_1_258' title='bbox 2410 2835 2571 2887; x_wconf 89' lang='lat' dir='ltr'><strong>scot.</strong></span> <span class='ocrx_word' id='word_1_259' title='bbox 2636 2843 2758 2906; x_wconf 93' lang='lat' dir='ltr'><strong>pro</strong></span> <span class='ocrx_word' id='word_1_260' title='bbox 2822 2825 2997 2886; x_wconf 89' lang='lat' dir='ltr'><strong>lacte</strong></span> <span class='ocrx_word' id='word_1_261' title='bbox 3062 2834 3129 2887; x_wconf 89' lang='lat' dir='ltr'><strong>et</strong></span> <span class='ocrx_word' id='word_1_262' title='bbox 3193 2843 3416 2886; x_wconf 91' lang='lat' dir='ltr'><strong>crema</strong></span> <span class='ocrx_word' id='word_1_263' title='bbox 3462 2824 3567 2886; x_wconf 94' lang='lat' dir='ltr'><strong>III</strong></span> <span class='ocrx_word' id='word_1_264' title='bbox 3614 2845 3713 2908; x_wconf 88' lang='lat' dir='ltr'><strong>gr.</strong></span> <span class='ocrx_word' id='word_1_265' title='bbox 3760 2846 3884 2907; x_wconf 90' lang='lat' dir='ltr'><strong>pro</strong></span> <span class='ocrx_word' id='word_1_266' title='bbox 3932 2827 4148 2888; x_wconf 91' lang='lat' dir='ltr'><strong>butiro</strong></span> 
     </span>
     <span class='ocr_line' id='line_1_23' title="bbox 954 2931 4148 3015; baseline 0 -19"><span class='ocrx_word' id='word_1_267' title='bbox 954 2935 986 2996; x_wconf 93' lang='lat' dir='ltr'>I</span> <span class='ocrx_word' id='word_1_268' title='bbox 1032 2943 1195 2996; x_wconf 90' lang='lat' dir='ltr'><strong>scot.</strong></span> <span class='ocrx_word' id='word_1_269' title='bbox 1244 2933 1276 2994; x_wconf 93' lang='lat' dir='ltr'>I</span> <span class='ocrx_word' id='word_1_270' title='bbox 1323 2943 1536 3015; x_wconf 86' lang='lat' dir='ltr'><strong>quart.</strong></span> <span class='ocrx_word' id='word_1_271' title='bbox 1583 2953 1706 3013; x_wconf 89' lang='lat' dir='ltr'><strong>pro</strong></span> <span class='ocrx_word' id='word_1_272' title='bbox 1751 2933 1906 2994; x_wconf 87' lang='lat' dir='ltr'><strong>albo</strong></span> <span class='ocrx_word' id='word_1_273' title='bbox 1953 2951 2128 3014; x_wconf 89' lang='lat' dir='ltr'><strong>pane</strong></span> <span class='ocrx_word' id='word_1_274' title='bbox 2175 2932 2208 2992; x_wconf 94' lang='lat' dir='ltr'>I</span> <span class='ocrx_word' id='word_1_275' title='bbox 2256 2952 2355 3015; x_wconf 88' lang='lat' dir='ltr'><strong>gr.</strong></span> <span class='ocrx_word' id='word_1_276' title='bbox 2402 2952 2524 3012; x_wconf 93' lang='lat' dir='ltr'><strong>pro</strong></span> <span class='ocrx_word' id='word_1_277' title='bbox 2572 2931 2705 2993; x_wconf 91' lang='lat' dir='ltr'><strong>XL</strong></span> <span class='ocrx_word' id='word_1_278' title='bbox 2752 2931 2898 2992; x_wconf 92' lang='lat' dir='ltr'><strong>ouis</strong></span> <span class='ocrx_word' id='word_1_279' title='bbox 2945 2931 2976 2992; x_wconf 92' lang='lat' dir='ltr'>I</span> <span class='ocrx_word' id='word_1_280' title='bbox 3014 2953 3113 3014; x_wconf 91' lang='lat' dir='ltr'><strong>gr.</strong></span> <span class='ocrx_word' id='word_1_281' title='bbox 3160 2931 3290 2994; x_wconf 89' lang='lat' dir='ltr'><strong>alia</strong></span> <span class='ocrx_word' id='word_1_282' title='bbox 3327 2932 3507 3013; x_wconf 89' lang='lat' dir='ltr'><strong>prius</strong></span> <span class='ocrx_word' id='word_1_283' title='bbox 3544 2943 3789 3014; x_wconf 87' lang='lat' dir='ltr'><strong>empta,</strong></span> <span class='ocrx_word' id='word_1_284' title='bbox 3834 2953 3958 3014; x_wconf 93' lang='lat' dir='ltr'><strong>pro</strong></span> <span class='ocrx_word' id='word_1_285' title='bbox 3996 2954 4148 2997; x_wconf 90' lang='lat' dir='ltr'><strong>can·</strong></span> 
     </span>
     <span class='ocr_line' id='line_1_24' title="bbox 955 3038 4148 3124; baseline 0 -21"><span class='ocrx_word' id='word_1_286' title='bbox 955 3040 1082 3104; x_wconf 91' lang='lat' dir='ltr'><strong>cris</strong></span> <span class='ocrx_word' id='word_1_287' title='bbox 1128 3040 1159 3102; x_wconf 95' lang='lat' dir='ltr'>I</span> <span class='ocrx_word' id='word_1_288' title='bbox 1208 3060 1305 3124; x_wconf 91' lang='lat' dir='ltr'><strong>gr.</strong></span> <span class='ocrx_word' id='word_1_289' title='bbox 1351 3060 1476 3121; x_wconf 89' lang='lat' dir='ltr'><strong>pro</strong></span> <span class='ocrx_word' id='word_1_290' title='bbox 1522 3039 1932 3120; x_wconf 89' lang='lat' dir='ltr'><strong>petrozelino</strong></span> <span class='ocrx_word' id='word_1_291' title='bbox 1990 3038 2090 3100; x_wconf 93' lang='lat' dir='ltr'>IV</span> <span class='ocrx_word' id='word_1_292' title='bbox 2137 3038 2286 3101; x_wconf 91' lang='lat' dir='ltr'><strong>den.</strong></span> <span class='ocrx_word' id='word_1_293' title='bbox 2352 3039 2543 3120; x_wconf 86' lang='lat' dir='ltr'><strong>panis</strong></span> <span class='ocrx_word' id='word_1_294' title='bbox 2606 3038 2889 3123; x_wconf 82' lang='lat' dir='ltr'><strong>siliginis</strong></span> <span class='ocrx_word' id='word_1_295' title='bbox 2953 3038 3053 3100; x_wconf 93' lang='lat' dir='ltr'>IV</span> <span class='ocrx_word' id='word_1_296' title='bbox 3100 3059 3336 3122; x_wconf 82' lang='lat' dir='ltr'><strong>sexag.</strong></span> <span class='ocrx_word' id='word_1_297' title='bbox 3404 3049 3807 3122; x_wconf 86' lang='lat' dir='ltr'><strong>comparate,</strong></span> <span class='ocrx_word' id='word_1_298' title='bbox 3872 3041 4148 3105; x_wconf 89' lang='lat' dir='ltr'><strong>ceruisie</strong></span> 
     </span>
     <span class='ocr_line' id='line_1_25' title="bbox 956 3145 4148 3231; baseline 0 -21"><span class='ocrx_word' id='word_1_299' title='bbox 956 3148 1067 3228; x_wconf 72' lang='lat' dir='ltr'><strong>Ill²</strong></span> <span class='ocrx_word' id='word_1_300' title='bbox 1127 3149 1388 3210; x_wconf 89' lang='lat' dir='ltr'><strong>octuale</strong></span> <span class='ocrx_word' id='word_1_301' title='bbox 1453 3157 1522 3209; x_wconf 91' lang='lat' dir='ltr'><strong>et</strong></span> <span class='ocrx_word' id='word_1_302' title='bbox 1585 3148 1786 3210; x_wconf 87' lang='lat' dir='ltr'><strong>medo</strong></span> <span class='ocrx_word' id='word_1_303' title='bbox 1851 3145 2119 3208; x_wconf 90' lang='lat' dir='ltr'><strong>fuerunt</strong></span> <span class='ocrx_word' id='word_1_304' title='bbox 2184 3146 2469 3228; x_wconf 87' lang='lat' dir='ltr'><strong>propria,</strong></span> <span class='ocrx_word' id='word_1_305' title='bbox 2534 3147 2722 3227; x_wconf 89' lang='lat' dir='ltr'><strong>equis</strong></span> <span class='ocrx_word' id='word_1_306' title='bbox 2785 3165 2999 3208; x_wconf 87' lang='lat' dir='ltr'><strong>auene</strong></span> <span class='ocrx_word' id='word_1_307' title='bbox 3046 3145 3114 3207; x_wconf 99' lang='lat' dir='ltr'>V</span> <span class='ocrx_word' id='word_1_308' title='bbox 3162 3146 3341 3208; x_wconf 91' lang='lat' dir='ltr'><strong>chori</strong></span> <span class='ocrx_word' id='word_1_309' title='bbox 3406 3146 3587 3228; x_wconf 90' lang='lat' dir='ltr'><strong>prius</strong></span> <span class='ocrx_word' id='word_1_310' title='bbox 3650 3148 3874 3231; x_wconf 88' lang='lat' dir='ltr'><strong>empti,</strong></span> <span class='ocrx_word' id='word_1_311' title='bbox 3920 3147 4148 3212; x_wconf 88' lang='lat' dir='ltr'><strong>fenum</strong></span> 
     </span>
     <span class='ocr_line' id='line_1_26' title="bbox 955 3251 4149 3338; baseline 0.001 -20"><span class='ocrx_word' id='word_1_312' title='bbox 955 3256 1138 3338; x_wconf 90' lang='lat' dir='ltr'><strong>prius</strong></span> <span class='ocrx_word' id='word_1_313' title='bbox 1185 3265 1503 3336; x_wconf 88' lang='lat' dir='ltr'><strong>emptum,</strong></span> <span class='ocrx_word' id='word_1_314' title='bbox 1552 3254 1803 3317; x_wconf 89' lang='lat' dir='ltr'><strong>lumina</strong></span> <span class='ocrx_word' id='word_1_315' title='bbox 1869 3253 2096 3315; x_wconf 87' lang='lat' dir='ltr'><strong>XXX</strong></span> <span class='ocrx_word' id='word_1_316' title='bbox 2145 3254 2430 3335; x_wconf 91' lang='lat' dir='ltr'><strong>propria,</strong></span> <span class='ocrx_word' id='word_1_317' title='bbox 2494 3253 2638 3334; x_wconf 90' lang='lat' dir='ltr'><strong>ipso</strong></span> <span class='ocrx_word' id='word_1_318' title='bbox 2703 3253 2811 3315; x_wconf 92' lang='lat' dir='ltr'><strong>die</strong></span> <span class='ocrx_word' id='word_1_319' title='bbox 2857 3253 2925 3315; x_wconf 89' lang='lat' dir='ltr'><strong>in</strong></span> <span class='ocrx_word' id='word_1_320' title='bbox 2996 3251 3296 3316; x_wconf 64' lang='lat' dir='ltr'><strong>Wzlrlt&#39;ct‘a</strong></span> <span class='ocrx_word' id='word_1_321' title='bbox 3357 3253 3423 3317; x_wconf 90' lang='lat' dir='ltr'><strong>in</strong></span> <span class='ocrx_word' id='word_1_322' title='bbox 3472 3265 3800 3336; x_wconf 87' lang='lat' dir='ltr'><strong>apparatu</strong></span> <span class='ocrx_word' id='word_1_323' title='bbox 3844 3276 3970 3338; x_wconf 91' lang='lat' dir='ltr'><strong>pro</strong></span> <span class='ocrx_word' id='word_1_324' title='bbox 4016 3258 4149 3320; x_wconf 88' lang='lat' dir='ltr'><strong>dno</strong></span> 
     </span>
     <span class='ocr_line' id='line_1_27' title="bbox 957 3359 4152 3446; baseline 0 -20"><span class='ocrx_word' id='word_1_325' title='bbox 957 3364 1164 3446; x_wconf 89' lang='lat' dir='ltr'><strong>Rege</strong></span> <span class='ocrx_word' id='word_1_326' title='bbox 1211 3374 1539 3443; x_wconf 91' lang='lat' dir='ltr'><strong>coempt0‚</strong></span> <span class='ocrx_word' id='word_1_327' title='bbox 1571 3373 1709 3443; x_wconf 85' lang='lat' dir='ltr'><strong>&#39;pro</strong></span> <span class='ocrx_word' id='word_1_328' title='bbox 1757 3360 1934 3423; x_wconf 91' lang='lat' dir='ltr'><strong>XIV</strong></span> <span class='ocrx_word' id='word_1_329' title='bbox 1981 3361 2178 3444; x_wconf 88' lang='lat' dir='ltr'><strong>pullis</strong></span> <span class='ocrx_word' id='word_1_330' title='bbox 2217 3359 2351 3423; x_wconf 93' lang='lat' dir='ltr'><strong>VII</strong></span> <span class='ocrx_word' id='word_1_331' title='bbox 2402 3382 2497 3444; x_wconf 89' lang='lat' dir='ltr'><strong>gr.</strong></span> <span class='ocrx_word' id='word_1_332' title='bbox 2545 3381 2667 3442; x_wconf 89' lang='lat' dir='ltr'><strong>pro</strong></span> <span class='ocrx_word' id='word_1_333' title='bbox 2705 3359 2807 3423; x_wconf 93' lang='lat' dir='ltr'>VI</span> <span class='ocrx_word' id='word_1_334' title='bbox 2846 3360 2993 3422; x_wconf 89' lang='lat' dir='ltr'><strong>ollis</strong></span> <span class='ocrx_word' id='word_1_335' title='bbox 3038 3360 3235 3423; x_wconf 91' lang='lat' dir='ltr'><strong>butiri</strong></span> <span class='ocrx_word' id='word_1_336' title='bbox 3272 3360 3446 3423; x_wconf 91' lang='lat' dir='ltr'>VIII</span> <span class='ocrx_word' id='word_1_337' title='bbox 3482 3363 3665 3436; x_wconf 88' lang='lat' dir='ltr'><strong>scoti,</strong></span> <span class='ocrx_word' id='word_1_338' title='bbox 3702 3383 3825 3444; x_wconf 92' lang='lat' dir='ltr'><strong>pro</strong></span> <span class='ocrx_word' id='word_1_339' title='bbox 3864 3363 4152 3428; x_wconf 91' lang='lat' dir='ltr'>XXVII</span> 
     </span>
    </p>
   </div>
   <div class='ocr_carea' id='block_1_5' title="bbox 960 3467 4151 3642">
    <p class='ocr_par' dir='ltr' id='par_1_9' title="bbox 960 3467 4151 3642">
     <span class='ocr_line' id='line_1_28' title="bbox 960 3467 4151 3553; baseline 0 -18"><span class='ocrx_word' id='word_1_340' title='bbox 960 3471 1173 3535; x_wconf 89' lang='lat' dir='ltr'><strong>caseis</strong></span> <span class='ocrx_word' id='word_1_341' title='bbox 1217 3470 1286 3530; x_wconf 94' lang='lat' dir='ltr'>V</span> <span class='ocrx_word' id='word_1_342' title='bbox 1334 3490 1434 3553; x_wconf 90' lang='lat' dir='ltr'><strong>gr.</strong></span> <span class='ocrx_word' id='word_1_343' title='bbox 1481 3489 1603 3551; x_wconf 91' lang='lat' dir='ltr'><strong>pro</strong></span> <span class='ocrx_word' id='word_1_344' title='bbox 1652 3469 1703 3531; x_wconf 91' lang='lat' dir='ltr'>C</span> <span class='ocrx_word' id='word_1_345' title='bbox 1753 3469 1896 3530; x_wconf 90' lang='lat' dir='ltr'><strong>ouis</strong></span> <span class='ocrx_word' id='word_1_346' title='bbox 1942 3469 2085 3548; x_wconf 56' lang='lat'>11¹2„</span> <span class='ocrx_word' id='word_1_347' title='bbox 2145 3489 2244 3552; x_wconf 87' lang='lat' dir='ltr'><strong>gr.</strong></span> <span class='ocrx_word' id='word_1_348' title='bbox 2306 3489 2425 3550; x_wconf 89' lang='lat' dir='ltr'><strong>pro</strong></span> <span class='ocrx_word' id='word_1_349' title='bbox 2474 3468 2503 3530; x_wconf 98' lang='lat' dir='ltr'>I</span> <span class='ocrx_word' id='word_1_350' title='bbox 2553 3487 2759 3530; x_wconf 81' lang='lat' dir='ltr'><strong>mens,</strong></span> <span class='ocrx_word' id='word_1_351' title='bbox 2826 3467 3003 3532; x_wconf 91' lang='lat' dir='ltr'><strong>milei</strong></span> <span class='ocrx_word' id='word_1_352' title='bbox 3072 3467 3283 3530; x_wconf 84' lang='lat' dir='ltr'>XVII</span> <span class='ocrx_word' id='word_1_353' title='bbox 3331 3469 3515 3533; x_wconf 88' lang='lat' dir='ltr'><strong>scoti.</strong></span> <span class='ocrx_word' id='word_1_354' title='bbox 3563 3505 3644 3514; x_wconf 89' lang='lat'><strong>-—</strong></span> <span class='ocrx_word' id='word_1_355' title='bbox 3695 3469 3979 3534; x_wconf 88' lang='lat' dir='ltr'><strong>Summa</strong></span> <span class='ocrx_word' id='word_1_356' title='bbox 4024 3472 4151 3536; x_wconf 90' lang='lat' dir='ltr'><strong>diei</strong></span> 
     </span>
     <span class='ocr_line' id='line_1_29' title="bbox 960 3576 2054 3642; baseline -0.004 0"><span class='ocrx_word' id='word_1_357' title='bbox 960 3580 991 3642; x_wconf 95' lang='lat' dir='ltr'>I</span> <span class='ocrx_word' id='word_1_358' title='bbox 1041 3598 1202 3640; x_wconf 88' lang='lat' dir='ltr'><strong>mar.</strong></span> <span class='ocrx_word' id='word_1_359' title='bbox 1249 3577 1498 3640; x_wconf 90' lang='lat' dir='ltr'>XVIII</span> <span class='ocrx_word' id='word_1_360' title='bbox 1545 3577 1710 3639; x_wconf 89' lang='lat' dir='ltr'><strong>scoti</strong></span> <span class='ocrx_word' id='word_1_361' title='bbox 1757 3576 1859 3639; x_wconf 93' lang='lat' dir='ltr'>IV</span> <span class='ocrx_word' id='word_1_362' title='bbox 1907 3578 2054 3639; x_wconf 90' lang='lat' dir='ltr'><strong>den.</strong></span> 
     </span>
    </p>
   </div>
   <div class='ocr_carea' id='block_1_6' title="bbox 962 3683 4163 4843">
    <p class='ocr_par' dir='ltr' id='par_1_10' title="bbox 1175 3683 3130 3766">
     <span class='ocr_line' id='line_1_30' title="bbox 1175 3683 3130 3766; baseline -0.002 -18"><span class='ocrx_word' id='word_1_363' title='bbox 1175 3684 1456 3748; x_wconf 89' lang='lat' dir='ltr'><strong>Summa</strong></span> <span class='ocrx_word' id='word_1_364' title='bbox 1503 3685 1875 3766; x_wconf 86' lang='lat' dir='ltr'><strong>septimane</strong></span> <span class='ocrx_word' id='word_1_365' title='bbox 1922 3684 2058 3745; x_wconf 94' lang='lat' dir='ltr'><strong>VII</strong></span> <span class='ocrx_word' id='word_1_366' title='bbox 2106 3705 2268 3747; x_wconf 89' lang='lat' dir='ltr'><strong>mar.</strong></span> <span class='ocrx_word' id='word_1_367' title='bbox 2317 3685 2419 3747; x_wconf 93' lang='lat' dir='ltr'><strong>III</strong></span> <span class='ocrx_word' id='word_1_368' title='bbox 2466 3684 2630 3747; x_wconf 90' lang='lat' dir='ltr'><strong>scoti</strong></span> <span class='ocrx_word' id='word_1_369' title='bbox 2680 3704 2777 3766; x_wconf 88' lang='lat' dir='ltr'><strong>gr.</strong></span> <span class='ocrx_word' id='word_1_370' title='bbox 2826 3683 2935 3744; x_wconf 91' lang='lat' dir='ltr'>XI</span> <span class='ocrx_word' id='word_1_371' title='bbox 2982 3684 3130 3746; x_wconf 88' lang='lat' dir='ltr'><strong>den.</strong></span> 
     </span>
    </p>

    <p class='ocr_par' dir='ltr' id='par_1_11' title="bbox 962 3791 4161 4520">
     <span class='ocr_line' id='line_1_31' title="bbox 1176 3791 4155 3875; baseline 0.001 -20"><span class='ocrx_word' id='word_1_372' title='bbox 1176 3792 1532 3855; x_wconf 89' lang='lat' dir='ltr'><strong>Dominica</strong></span> <span class='ocrx_word' id='word_1_373' title='bbox 1578 3792 1838 3854; x_wconf 88' lang='lat' dir='ltr'><strong>Vocem</strong></span> <span class='ocrx_word' id='word_1_374' title='bbox 1887 3791 2308 3854; x_wconf 88' lang='lat' dir='ltr'><strong>iocunditatis</strong></span> <span class='ocrx_word' id='word_1_375' title='bbox 2354 3791 2495 3875; x_wconf 75' lang='lat' dir='ltr'><em>(24s</em></span> <span class='ocrx_word' id='word_1_376' title='bbox 2498 3793 2556 3872; x_wconf 85' lang='lat'><strong>5)</strong></span> <span class='ocrx_word' id='word_1_377' title='bbox 2623 3791 2775 3854; x_wconf 91' lang='lat' dir='ltr'><strong>duci</strong></span> <span class='ocrx_word' id='word_1_378' title='bbox 2824 3801 2893 3852; x_wconf 91' lang='lat' dir='ltr'><strong>et</strong></span> <span class='ocrx_word' id='word_1_379' title='bbox 2936 3791 3073 3852; x_wconf 92' lang='lat' dir='ltr'><strong>dno</strong></span> <span class='ocrx_word' id='word_1_380' title='bbox 3138 3793 3551 3872; x_wconf 87' lang='lat' dir='ltr'><strong>procuratori</strong></span> <span class='ocrx_word' id='word_1_381' title='bbox 3616 3794 3703 3855; x_wconf 91' lang='lat' dir='ltr'><strong>ad</strong></span> <span class='ocrx_word' id='word_1_382' title='bbox 3769 3795 4155 3874; x_wconf 85' lang='lat' dir='ltr'><strong>prandium:</strong></span> 
     </span>
     <span class='ocr_line' id='line_1_32' title="bbox 962 3898 4143 3985; baseline 0 -22"><span class='ocrx_word' id='word_1_383' title='bbox 962 3922 1086 3984; x_wconf 90' lang='lat' dir='ltr'><strong>pro</strong></span> <span class='ocrx_word' id='word_1_384' title='bbox 1134 3901 1165 3962; x_wconf 91' lang='lat' dir='ltr'>I</span> <span class='ocrx_word' id='word_1_385' title='bbox 1212 3900 1423 3962; x_wconf 90' lang='lat' dir='ltr'><strong>vitulo</strong></span> <span class='ocrx_word' id='word_1_386' title='bbox 1471 3899 1538 3960; x_wconf 94' lang='lat' dir='ltr'>V</span> <span class='ocrx_word' id='word_1_387' title='bbox 1585 3899 1768 3973; x_wconf 91' lang='lat' dir='ltr'><strong>scoti,</strong></span> <span class='ocrx_word' id='word_1_388' title='bbox 1816 3910 1882 3960; x_wconf 93' lang='lat' dir='ltr'><strong>et</strong></span> <span class='ocrx_word' id='word_1_389' title='bbox 1930 3900 2016 3960; x_wconf 85' lang='lat' dir='ltr'><strong>ad</strong></span> <span class='ocrx_word' id='word_1_390' title='bbox 2063 3919 2295 3962; x_wconf 89' lang='lat' dir='ltr'><strong>cenam</strong></span> <span class='ocrx_word' id='word_1_391' title='bbox 2347 3899 2515 3961; x_wconf 87' lang='lat' dir='ltr'><strong>lardi</strong></span> <span class='ocrx_word' id='word_1_392' title='bbox 2562 3899 2593 3960; x_wconf 94' lang='grc' dir='ltr'><strong>Ι</strong></span> <span class='ocrx_word' id='word_1_393' title='bbox 2639 3918 2848 3981; x_wconf 89' lang='lat' dir='ltr'><strong>perna</strong></span> <span class='ocrx_word' id='word_1_394' title='bbox 2894 3898 3077 3978; x_wconf 89' lang='lat' dir='ltr'><strong>prius</strong></span> <span class='ocrx_word' id='word_1_395' title='bbox 3122 3898 3345 3980; x_wconf 88' lang='lat' dir='ltr'><strong>empti,</strong></span> <span class='ocrx_word' id='word_1_396' title='bbox 3411 3919 3532 3980; x_wconf 91' lang='lat' dir='ltr'><strong>pro</strong></span> <span class='ocrx_word' id='word_1_397' title='bbox 3579 3899 3647 3962; x_wconf 94' lang='lat' dir='ltr'><strong>II</strong></span> <span class='ocrx_word' id='word_1_398' title='bbox 3694 3901 3953 3985; x_wconf 86' lang='lat' dir='ltr'><strong>sugillis</strong></span> <span class='ocrx_word' id='word_1_399' title='bbox 3999 3903 4143 3982; x_wconf 72' lang='lat' dir='ltr'><em>111s,</em></span> 
     </span>
     <span class='ocr_line' id='line_1_33' title="bbox 964 4005 4154 4093; baseline 0.001 -22"><span class='ocrx_word' id='word_1_400' title='bbox 964 4030 1063 4092; x_wconf 89' lang='lat' dir='ltr'><strong>gr.</strong></span> <span class='ocrx_word' id='word_1_401' title='bbox 1111 4029 1232 4090; x_wconf 90' lang='lat' dir='ltr'><strong>pro</strong></span> <span class='ocrx_word' id='word_1_402' title='bbox 1280 4006 1379 4069; x_wconf 92' lang='lat' dir='ltr'>IV</span> <span class='ocrx_word' id='word_1_403' title='bbox 1428 4007 1627 4088; x_wconf 90' lang='lat' dir='ltr'><strong>pullis</strong></span> <span class='ocrx_word' id='word_1_404' title='bbox 1675 4006 1705 4069; x_wconf 94' lang='lat' dir='ltr'>I</span> <span class='ocrx_word' id='word_1_405' title='bbox 1753 4017 1915 4069; x_wconf 89' lang='lat' dir='ltr'><strong>scot.</strong></span> <span class='ocrx_word' id='word_1_406' title='bbox 1963 4027 2086 4088; x_wconf 90' lang='lat' dir='ltr'><strong>pro</strong></span> <span class='ocrx_word' id='word_1_407' title='bbox 2133 4006 2166 4068; x_wconf 94' lang='lat' dir='ltr'>I</span> <span class='ocrx_word' id='word_1_408' title='bbox 2213 4007 2347 4068; x_wconf 86' lang='lat' dir='ltr'><strong>olla</strong></span> <span class='ocrx_word' id='word_1_409' title='bbox 2394 4006 2593 4069; x_wconf 89' lang='lat' dir='ltr'><strong>butiri</strong></span> <span class='ocrx_word' id='word_1_410' title='bbox 2642 4007 2671 4067; x_wconf 97' lang='lat' dir='ltr'>I</span> <span class='ocrx_word' id='word_1_411' title='bbox 2721 4027 2819 4089; x_wconf 88' lang='lat' dir='ltr'><strong>gr.</strong></span> <span class='ocrx_word' id='word_1_412' title='bbox 2871 4005 2971 4067; x_wconf 94' lang='lat' dir='ltr'>VI</span> <span class='ocrx_word' id='word_1_413' title='bbox 3018 4006 3166 4068; x_wconf 87' lang='lat' dir='ltr'><strong>den.</strong></span> <span class='ocrx_word' id='word_1_414' title='bbox 3216 4005 3282 4068; x_wconf 91' lang='lat' dir='ltr'><strong>II</strong></span> <span class='ocrx_word' id='word_1_415' title='bbox 3330 4007 3506 4070; x_wconf 88' lang='lat' dir='ltr'><strong>casei</strong></span> <span class='ocrx_word' id='word_1_416' title='bbox 3551 4009 3737 4088; x_wconf 89' lang='lat' dir='ltr'><strong>prius</strong></span> <span class='ocrx_word' id='word_1_417' title='bbox 3774 4009 3996 4090; x_wconf 88' lang='lat' dir='ltr'><strong>empti,</strong></span> <span class='ocrx_word' id='word_1_418' title='bbox 4034 4031 4154 4093; x_wconf 89' lang='lat' dir='ltr'><strong>pro</strong></span> 
     </span>
     <span class='ocr_line' id='line_1_34' title="bbox 964 4113 4155 4200; baseline 0 -21"><span class='ocrx_word' id='word_1_419' title='bbox 964 4119 1138 4180; x_wconf 88' lang='lat' dir='ltr'><strong>lacte</strong></span> <span class='ocrx_word' id='word_1_420' title='bbox 1185 4125 1252 4176; x_wconf 88' lang='lat' dir='ltr'><strong>et</strong></span> <span class='ocrx_word' id='word_1_421' title='bbox 1300 4134 1524 4177; x_wconf 89' lang='lat' dir='ltr'><strong>crema</strong></span> <span class='ocrx_word' id='word_1_422' title='bbox 1570 4114 1638 4176; x_wconf 94' lang='lat' dir='ltr'><strong>II</strong></span> <span class='ocrx_word' id='word_1_423' title='bbox 1653 4115 1714 4194; x_wconf 49' lang='lat'><strong>¹1¹2</strong></span> <span class='ocrx_word' id='word_1_424' title='bbox 1775 4133 1872 4196; x_wconf 84' lang='lat' dir='ltr'><strong>gr.</strong></span> <span class='ocrx_word' id='word_1_425' title='bbox 1921 4113 2158 4176; x_wconf 87' lang='lat' dir='ltr'>XLVI</span> <span class='ocrx_word' id='word_1_426' title='bbox 2215 4135 2347 4178; x_wconf 89' lang='lat' dir='ltr'><strong>oua</strong></span> <span class='ocrx_word' id='word_1_427' title='bbox 2392 4115 2575 4196; x_wconf 85' lang='lat' dir='ltr'><strong>prius</strong></span> <span class='ocrx_word' id='word_1_428' title='bbox 2641 4123 2885 4196; x_wconf 89' lang='lat' dir='ltr'><strong>empta,</strong></span> <span class='ocrx_word' id='word_1_429' title='bbox 2950 4135 3072 4196; x_wconf 90' lang='lat' dir='ltr'><strong>pro</strong></span> <span class='ocrx_word' id='word_1_430' title='bbox 3137 4114 3375 4177; x_wconf 88' lang='lat' dir='ltr'><strong>boletis</strong></span> <span class='ocrx_word' id='word_1_431' title='bbox 3422 4114 3453 4176; x_wconf 95' lang='lat' dir='ltr'>I</span> <span class='ocrx_word' id='word_1_432' title='bbox 3502 4135 3600 4197; x_wconf 89' lang='lat' dir='ltr'><strong>gr.</strong></span> <span class='ocrx_word' id='word_1_433' title='bbox 3648 4114 3791 4178; x_wconf 90' lang='lat' dir='ltr'><strong>XII</strong></span> <span class='ocrx_word' id='word_1_434' title='bbox 3839 4118 3989 4180; x_wconf 90' lang='lat' dir='ltr'><strong>den.</strong></span> <span class='ocrx_word' id='word_1_435' title='bbox 4036 4138 4155 4200; x_wconf 91' lang='lat' dir='ltr'><strong>pro</strong></span> 
     </span>
     <span class='ocr_line' id='line_1_35' title="bbox 968 4221 4157 4308; baseline 0.001 -23"><span class='ocrx_word' id='word_1_436' title='bbox 968 4222 1262 4285; x_wconf 90' lang='lat' dir='ltr'><strong>oleribus</strong></span> <span class='ocrx_word' id='word_1_437' title='bbox 1310 4221 1454 4283; x_wconf 90' lang='lat' dir='ltr'><strong>XII</strong></span> <span class='ocrx_word' id='word_1_438' title='bbox 1502 4223 1650 4284; x_wconf 89' lang='lat' dir='ltr'><strong>den.</strong></span> <span class='ocrx_word' id='word_1_439' title='bbox 1717 4242 1839 4302; x_wconf 91' lang='lat' dir='ltr'><strong>pro</strong></span> <span class='ocrx_word' id='word_1_440' title='bbox 1887 4221 2297 4302; x_wconf 86' lang='lat' dir='ltr'><strong>petruzelino</strong></span> <span class='ocrx_word' id='word_1_441' title='bbox 2347 4221 2414 4282; x_wconf 94' lang='lat' dir='ltr'><strong>II</strong></span> <span class='ocrx_word' id='word_1_442' title='bbox 2462 4223 2610 4283; x_wconf 91' lang='lat' dir='ltr'><strong>den.</strong></span> <span class='ocrx_word' id='word_1_443' title='bbox 2675 4243 2797 4303; x_wconf 92' lang='lat' dir='ltr'><strong>pro</strong></span> <span class='ocrx_word' id='word_1_444' title='bbox 2862 4223 3016 4285; x_wconf 88' lang='lat' dir='ltr'><strong>albo</strong></span> <span class='ocrx_word' id='word_1_445' title='bbox 3083 4242 3255 4302; x_wconf 88' lang='lat' dir='ltr'><strong>pane</strong></span> <span class='ocrx_word' id='word_1_446' title='bbox 3305 4221 3333 4282; x_wconf 95' lang='grc' dir='ltr'><strong>Ι</strong></span> <span class='ocrx_word' id='word_1_447' title='bbox 3384 4242 3483 4305; x_wconf 89' lang='lat' dir='ltr'><strong>gr.</strong></span> <span class='ocrx_word' id='word_1_448' title='bbox 3530 4223 3720 4304; x_wconf 87' lang='lat' dir='ltr'><strong>panis</strong></span> <span class='ocrx_word' id='word_1_449' title='bbox 3768 4224 4045 4308; x_wconf 89' lang='lat' dir='ltr'><strong>siliginis</strong></span> <span class='ocrx_word' id='word_1_450' title='bbox 4091 4225 4157 4288; x_wconf 91' lang='lat' dir='ltr'><strong>II</strong></span> 
     </span>
     <span class='ocr_line' id='line_1_36' title="bbox 965 4327 4161 4414; baseline 0.001 -21"><span class='ocrx_word' id='word_1_451' title='bbox 965 4350 1202 4414; x_wconf 78' lang='lat' dir='ltr'><strong>sexag.</strong></span> <span class='ocrx_word' id='word_1_452' title='bbox 1249 4329 1534 4411; x_wconf 88' lang='lat' dir='ltr'><strong>proprie,</strong></span> <span class='ocrx_word' id='word_1_453' title='bbox 1581 4328 1613 4390; x_wconf 98' lang='lat' dir='ltr'>I</span> <span class='ocrx_word' id='word_1_454' title='bbox 1661 4329 1922 4391; x_wconf 89' lang='lat' dir='ltr'><strong>octuale</strong></span> <span class='ocrx_word' id='word_1_455' title='bbox 1986 4327 2266 4390; x_wconf 89' lang='lat' dir='ltr'><strong>ceruisie</strong></span> <span class='ocrx_word' id='word_1_456' title='bbox 2334 4329 2691 4410; x_wconf 88' lang='lat' dir='ltr'><strong>proprium,</strong></span> <span class='ocrx_word' id='word_1_457' title='bbox 2758 4350 2879 4412; x_wconf 88' lang='lat' dir='ltr'><strong>pro</strong></span> <span class='ocrx_word' id='word_1_458' title='bbox 2942 4349 3224 4392; x_wconf 75' lang='lat' dir='ltr'><strong>smarsze</strong></span> <span class='ocrx_word' id='word_1_459' title='bbox 3268 4327 3368 4390; x_wconf 94' lang='lat' dir='ltr'>VI</span> <span class='ocrx_word' id='word_1_460' title='bbox 3416 4330 3566 4393; x_wconf 88' lang='lat' dir='ltr'><strong>den.</strong></span> <span class='ocrx_word' id='word_1_461' title='bbox 3612 4350 3737 4412; x_wconf 92' lang='lat' dir='ltr'><strong>pro</strong></span> <span class='ocrx_word' id='word_1_462' title='bbox 3783 4331 3849 4394; x_wconf 95' lang='lat' dir='ltr'><strong>II</strong></span> <span class='ocrx_word' id='word_1_463' title='bbox 3896 4331 4161 4396; x_wconf 88' lang='lat' dir='ltr'><strong>talentis</strong></span> 
     </span>
     <span class='ocr_line' id='line_1_37' title="bbox 967 4433 2446 4520; baseline -0.001 -20"><span class='ocrx_word' id='word_1_464' title='bbox 967 4437 1212 4520; x_wconf 87' lang='lat' dir='ltr'><strong>piperis</strong></span> <span class='ocrx_word' id='word_1_465' title='bbox 1257 4447 1325 4499; x_wconf 93' lang='lat' dir='ltr'><strong>et</strong></span> <span class='ocrx_word' id='word_1_466' title='bbox 1372 4435 1472 4498; x_wconf 92' lang='lat' dir='ltr'>IV</span> <span class='ocrx_word' id='word_1_467' title='bbox 1520 4435 1672 4499; x_wconf 90' lang='lat' dir='ltr'><strong>lotis</strong></span> <span class='ocrx_word' id='word_1_468' title='bbox 1719 4433 1990 4498; x_wconf 86' lang='lat' dir='ltr'><strong>saffrani</strong></span> <span class='ocrx_word' id='word_1_469' title='bbox 2037 4434 2214 4497; x_wconf 87' lang='lat' dir='ltr'>XVI</span> <span class='ocrx_word' id='word_1_470' title='bbox 2263 4436 2446 4498; x_wconf 85' lang='lat' dir='ltr'><strong>scoti.</strong></span> 
     </span>
    </p>

    <p class='ocr_par' dir='ltr' id='par_1_12' title="bbox 968 4542 4163 4843">
     <span class='ocr_line' id='line_1_38' title="bbox 1181 4542 4161 4628; baseline 0.001 -22"><span class='ocrx_word' id='word_1_471' title='bbox 1181 4543 1300 4606; x_wconf 88' lang='lat' dir='ltr'><strong>Ad</strong></span> <span class='ocrx_word' id='word_1_472' title='bbox 1347 4563 1584 4606; x_wconf 89' lang='lat' dir='ltr'><strong>cenam</strong></span> <span class='ocrx_word' id='word_1_473' title='bbox 1635 4543 1787 4605; x_wconf 92' lang='lat' dir='ltr'><strong>duci</strong></span> <span class='ocrx_word' id='word_1_474' title='bbox 1833 4553 1900 4604; x_wconf 91' lang='lat' dir='ltr'><strong>et</strong></span> <span class='ocrx_word' id='word_1_475' title='bbox 1946 4545 2083 4606; x_wconf 90' lang='lat' dir='ltr'><strong>dno</strong></span> <span class='ocrx_word' id='word_1_476' title='bbox 2129 4543 2578 4624; x_wconf 87' lang='lat' dir='ltr'><strong>procuratori:</strong></span> <span class='ocrx_word' id='word_1_477' title='bbox 2626 4563 2750 4624; x_wconf 92' lang='lat' dir='ltr'><strong>pro</strong></span> <span class='ocrx_word' id='word_1_478' title='bbox 2796 4543 3087 4625; x_wconf 90' lang='lat' dir='ltr'><strong>piscibus</strong></span> <span class='ocrx_word' id='word_1_479' title='bbox 3135 4542 3166 4604; x_wconf 94' lang='lat' dir='ltr'>I</span> <span class='ocrx_word' id='word_1_480' title='bbox 3214 4563 3313 4626; x_wconf 91' lang='lat' dir='ltr'><strong>gr.</strong></span> <span class='ocrx_word' id='word_1_481' title='bbox 3361 4564 3483 4624; x_wconf 93' lang='lat' dir='ltr'><strong>pro</strong></span> <span class='ocrx_word' id='word_1_482' title='bbox 3520 4544 3667 4608; x_wconf 88' lang='lat' dir='ltr'><strong>ouis</strong></span> <span class='ocrx_word' id='word_1_483' title='bbox 3714 4545 3746 4607; x_wconf 95' lang='lat' dir='ltr'>I</span> <span class='ocrx_word' id='word_1_484' title='bbox 3784 4556 3996 4628; x_wconf 87' lang='lat' dir='ltr'><strong>quart.</strong></span> <span class='ocrx_word' id='word_1_485' title='bbox 4034 4547 4161 4609; x_wconf 87' lang='lat' dir='ltr'><strong>alia</strong></span> 
     </span>
     <span class='ocr_line' id='line_1_39' title="bbox 968 4649 4163 4736; baseline 0.001 -22"><span class='ocrx_word' id='word_1_486' title='bbox 968 4651 1252 4734; x_wconf 90' lang='lat' dir='ltr'><strong>propria,</strong></span> <span class='ocrx_word' id='word_1_487' title='bbox 1300 4671 1421 4732; x_wconf 90' lang='lat' dir='ltr'><strong>pro</strong></span> <span class='ocrx_word' id='word_1_488' title='bbox 1466 4650 1707 4713; x_wconf 91' lang='lat' dir='ltr'><strong>boletis</strong></span> <span class='ocrx_word' id='word_1_489' title='bbox 1737 4649 1788 4722; x_wconf 68' lang='grc' dir='ltr'><strong>,Ι</strong></span> <span class='ocrx_word' id='word_1_490' title='bbox 1835 4661 2048 4732; x_wconf 89' lang='lat' dir='ltr'><strong>quart.</strong></span> <span class='ocrx_word' id='word_1_491' title='bbox 2096 4669 2218 4731; x_wconf 93' lang='lat' dir='ltr'><strong>pro</strong></span> <span class='ocrx_word' id='word_1_492' title='bbox 2275 4650 2514 4723; x_wconf 89' lang='lat' dir='ltr'><strong>butir0,</strong></span> <span class='ocrx_word' id='word_1_493' title='bbox 2560 4651 2717 4732; x_wconf 87' lang='lat' dir='ltr'><strong>quia</strong></span> <span class='ocrx_word' id='word_1_494' title='bbox 2763 4651 3035 4712; x_wconf 88' lang='lat' dir='ltr'><strong>alterius</strong></span> <span class='ocrx_word' id='word_1_495' title='bbox 3099 4671 3235 4711; x_wconf 91' lang='lat' dir='ltr'><strong>non</strong></span> <span class='ocrx_word' id='word_1_496' title='bbox 3282 4649 3657 4714; x_wconf 86' lang='lat' dir='ltr'><strong>sufficiebat</strong></span> <span class='ocrx_word' id='word_1_497' title='bbox 3702 4653 3735 4715; x_wconf 95' lang='lat' dir='ltr'>I</span> <span class='ocrx_word' id='word_1_498' title='bbox 3782 4665 3995 4735; x_wconf 89' lang='lat' dir='ltr'><strong>quart.</strong></span> <span class='ocrx_word' id='word_1_499' title='bbox 4041 4675 4163 4736; x_wconf 91' lang='lat' dir='ltr'><strong>pro</strong></span> 
     </span>
     <span class='ocr_line' id='line_1_40' title="bbox 969 4757 4162 4843; baseline 0.002 -22"><span class='ocrx_word' id='word_1_500' title='bbox 969 4758 1382 4842; x_wconf 89' lang='lat' dir='ltr'><strong>petruzelino</strong></span> <span class='ocrx_word' id='word_1_501' title='bbox 1429 4757 1495 4820; x_wconf 94' lang='lat' dir='ltr'><strong>II</strong></span> <span class='ocrx_word' id='word_1_502' title='bbox 1543 4759 1693 4820; x_wconf 91' lang='lat' dir='ltr'><strong>den.</strong></span> <span class='ocrx_word' id='word_1_503' title='bbox 1742 4777 1863 4839; x_wconf 92' lang='lat' dir='ltr'><strong>pro</strong></span> <span class='ocrx_word' id='word_1_504' title='bbox 1909 4760 2083 4821; x_wconf 89' lang='lat' dir='ltr'><strong>lacte</strong></span> <span class='ocrx_word' id='word_1_505' title='bbox 2123 4767 2192 4820; x_wconf 89' lang='lat' dir='ltr'><strong>et</strong></span> <span class='ocrx_word' id='word_1_506' title='bbox 2230 4777 2456 4820; x_wconf 90' lang='lat' dir='ltr'><strong>crema</strong></span> <span class='ocrx_word' id='word_1_507' title='bbox 2502 4757 2605 4820; x_wconf 92' lang='grc' dir='ltr'><strong>ΙΙΙ</strong></span> <span class='ocrx_word' id='word_1_508' title='bbox 2643 4768 2855 4840; x_wconf 90' lang='lat' dir='ltr'><strong>quart.</strong></span> <span class='ocrx_word' id='word_1_509' title='bbox 2901 4758 3093 4839; x_wconf 90' lang='lat' dir='ltr'><strong>panis</strong></span> <span class='ocrx_word' id='word_1_510' title='bbox 3150 4758 3217 4820; x_wconf 93' lang='lat' dir='ltr'><strong>II</strong></span> <span class='ocrx_word' id='word_1_511' title='bbox 3254 4778 3491 4842; x_wconf 87' lang='lat' dir='ltr'><strong>sexag.</strong></span> <span class='ocrx_word' id='word_1_512' title='bbox 3556 4761 3833 4824; x_wconf 87' lang='lat' dir='ltr'><strong>ceruisia</strong></span> <span class='ocrx_word' id='word_1_513' title='bbox 3877 4763 4162 4843; x_wconf 88' lang='lat' dir='ltr'><strong>propria,</strong></span> 
     </span>
    </p>
   </div>
   <div class='ocr_carea' id='block_1_7' title="bbox 971 4863 3079 5056">
    <p class='ocr_par' dir='ltr' id='par_1_13' title="bbox 971 4863 3079 5056">
     <span class='ocr_line' id='line_1_41' title="bbox 971 4863 3079 4950; baseline -0.001 -20"><span class='ocrx_word' id='word_1_514' title='bbox 971 4867 1160 4950; x_wconf 89' lang='lat' dir='ltr'><strong>equis</strong></span> <span class='ocrx_word' id='word_1_515' title='bbox 1207 4887 1420 4928; x_wconf 89' lang='lat' dir='ltr'><strong>auene</strong></span> <span class='ocrx_word' id='word_1_516' title='bbox 1467 4864 1533 4925; x_wconf 95' lang='lat' dir='ltr'>V</span> <span class='ocrx_word' id='word_1_517' title='bbox 1581 4865 1763 4928; x_wconf 91' lang='lat' dir='ltr'><strong>chori</strong></span> <span class='ocrx_word' id='word_1_518' title='bbox 1811 4865 1994 4946; x_wconf 88' lang='lat' dir='ltr'><strong>prius</strong></span> <span class='ocrx_word' id='word_1_519' title='bbox 2041 4875 2284 4946; x_wconf 84' lang='lat' dir='ltr'><strong>empte‚</strong></span> <span class='ocrx_word' id='word_1_520' title='bbox 2332 4875 2400 4928; x_wconf 90' lang='lat' dir='ltr'><strong>et</strong></span> <span class='ocrx_word' id='word_1_521' title='bbox 2443 4863 2673 4928; x_wconf 88' lang='lat' dir='ltr'><strong>fenum</strong></span> <span class='ocrx_word' id='word_1_522' title='bbox 2720 4865 3079 4948; x_wconf 88' lang='lat' dir='ltr'><strong>proprium.</strong></span> 
     </span>
     <span class='ocr_line' id='line_1_42' title="bbox 1185 4972 2538 5056; baseline -0.001 -20"><span class='ocrx_word' id='word_1_523' title='bbox 1185 4973 1469 5036; x_wconf 88' lang='lat' dir='ltr'><strong>Summa</strong></span> <span class='ocrx_word' id='word_1_524' title='bbox 1516 4974 1647 5035; x_wconf 92' lang='lat' dir='ltr'><strong>diei</strong></span> <span class='ocrx_word' id='word_1_525' title='bbox 1694 4973 1723 5034; x_wconf 96' lang='lat' dir='ltr'>I</span> <span class='ocrx_word' id='word_1_526' title='bbox 1773 4993 1931 5035; x_wconf 89' lang='lat' dir='ltr'><strong>mar.</strong></span> <span class='ocrx_word' id='word_1_527' title='bbox 1982 4972 2047 5032; x_wconf 92' lang='lat' dir='ltr'>V</span> <span class='ocrx_word' id='word_1_528' title='bbox 2094 4982 2254 5036; x_wconf 89' lang='lat' dir='ltr'><strong>scot.</strong></span> <span class='ocrx_word' id='word_1_529' title='bbox 2316 4973 2377 5052; x_wconf 72' lang='lat' dir='ltr'><strong>¹l2</strong></span> <span class='ocrx_word' id='word_1_530' title='bbox 2438 4993 2538 5056; x_wconf 93' lang='lat' dir='ltr'><strong>gr.</strong></span> 
     </span>
    </p>
   </div>
   <div class='ocr_carea' id='block_1_8' title="bbox 971 5081 4169 5704">
    <p class='ocr_par' dir='ltr' id='par_1_14' title="bbox 971 5081 4169 5704">
     <span class='ocr_line' id='line_1_43' title="bbox 1188 5081 4166 5166; baseline 0.002 -23"><span class='ocrx_word' id='word_1_531' title='bbox 1188 5082 1382 5144; x_wconf 87' lang='lat' dir='ltr'><strong>Feria</strong></span> <span class='ocrx_word' id='word_1_532' title='bbox 1429 5082 1495 5144; x_wconf 92' lang='lat' dir='ltr'><strong>II</strong></span> <span class='ocrx_word' id='word_1_533' title='bbox 1543 5081 2026 5165; x_wconf 88' lang='lat' dir='ltr'><strong>Rogacionum</strong></span> <span class='ocrx_word' id='word_1_534' title='bbox 2077 5082 2277 5163; x_wconf 73' lang='lat' dir='ltr'>(25J5)</span> <span class='ocrx_word' id='word_1_535' title='bbox 2326 5081 2481 5144; x_wconf 90' lang='lat' dir='ltr'><strong>duci</strong></span> <span class='ocrx_word' id='word_1_536' title='bbox 2530 5091 2597 5143; x_wconf 82' lang='lat' dir='ltr'><strong>et</strong></span> <span class='ocrx_word' id='word_1_537' title='bbox 2650 5082 2786 5142; x_wconf 87' lang='lat' dir='ltr'><strong>dno</strong></span> <span class='ocrx_word' id='word_1_538' title='bbox 2832 5083 3247 5162; x_wconf 86' lang='lat' dir='ltr'><strong>procuratori</strong></span> <span class='ocrx_word' id='word_1_539' title='bbox 3294 5083 3381 5145; x_wconf 89' lang='lat' dir='ltr'><strong>ad</strong></span> <span class='ocrx_word' id='word_1_540' title='bbox 3430 5081 3819 5164; x_wconf 89' lang='lat' dir='ltr'><strong>prandium:</strong></span> <span class='ocrx_word' id='word_1_541' title='bbox 3867 5103 3991 5166; x_wconf 89' lang='lat' dir='ltr'><strong>pro</strong></span> <span class='ocrx_word' id='word_1_542' title='bbox 4037 5084 4166 5166; x_wconf 89' lang='lat' dir='ltr'><strong>pis-</strong></span> 
     </span>
     <span class='ocr_line' id='line_1_44' title="bbox 973 5188 4167 5273; baseline 0 -19"><span class='ocrx_word' id='word_1_543' title='bbox 973 5189 1164 5255; x_wconf 91' lang='lat' dir='ltr'><strong>cibus</strong></span> <span class='ocrx_word' id='word_1_544' title='bbox 1211 5190 1320 5252; x_wconf 91' lang='lat' dir='ltr'>IX</span> <span class='ocrx_word' id='word_1_545' title='bbox 1370 5211 1468 5273; x_wconf 90' lang='lat' dir='ltr'><strong>gr.</strong></span> <span class='ocrx_word' id='word_1_546' title='bbox 1535 5210 1657 5271; x_wconf 86' lang='lat' dir='ltr'><strong>pro</strong></span> <span class='ocrx_word' id='word_1_547' title='bbox 1714 5189 1780 5250; x_wconf 90' lang='grc' dir='ltr'><strong>ΙΙ</strong></span> <span class='ocrx_word' id='word_1_548' title='bbox 1845 5189 2180 5272; x_wconf 88' lang='lat' dir='ltr'><strong>angwillis</strong></span> <span class='ocrx_word' id='word_1_549' title='bbox 2246 5188 2277 5249; x_wconf 94' lang='lat' dir='ltr'>I</span> <span class='ocrx_word' id='word_1_550' title='bbox 2328 5209 2425 5271; x_wconf 88' lang='lat' dir='ltr'><strong>gr.</strong></span> <span class='ocrx_word' id='word_1_551' title='bbox 2473 5188 2617 5250; x_wconf 90' lang='lat' dir='ltr'><strong>XII</strong></span> <span class='ocrx_word' id='word_1_552' title='bbox 2682 5190 2831 5251; x_wconf 89' lang='lat' dir='ltr'><strong>den.</strong></span> <span class='ocrx_word' id='word_1_553' title='bbox 2897 5209 3019 5270; x_wconf 90' lang='lat' dir='ltr'><strong>pro</strong></span> <span class='ocrx_word' id='word_1_554' title='bbox 3067 5189 3169 5251; x_wconf 92' lang='lat' dir='ltr'>VI</span> <span class='ocrx_word' id='word_1_555' title='bbox 3216 5190 3623 5270; x_wconf 86' lang='lat' dir='ltr'><strong>ponderibus</strong></span> <span class='ocrx_word' id='word_1_556' title='bbox 3670 5192 4167 5273; x_wconf 84' lang='lat' dir='ltr'><strong>lampredarum</strong></span> 
     </span>
     <span class='ocr_line' id='line_1_45' title="bbox 971 5294 4169 5381; baseline 0.001 -21"><span class='ocrx_word' id='word_1_557' title='bbox 971 5297 1118 5378; x_wconf 68' lang='lat' dir='ltr'>II¹l2</span> <span class='ocrx_word' id='word_1_558' title='bbox 1178 5317 1277 5381; x_wconf 87' lang='lat' dir='ltr'><strong>gr.</strong></span> <span class='ocrx_word' id='word_1_559' title='bbox 1326 5318 1448 5379; x_wconf 92' lang='lat' dir='ltr'><strong>pro</strong></span> <span class='ocrx_word' id='word_1_560' title='bbox 1493 5295 1732 5360; x_wconf 88' lang='lat' dir='ltr'><strong>boletis</strong></span> <span class='ocrx_word' id='word_1_561' title='bbox 1781 5296 1812 5356; x_wconf 97' lang='lat' dir='ltr'>I</span> <span class='ocrx_word' id='word_1_562' title='bbox 1861 5316 1960 5378; x_wconf 86' lang='lat' dir='ltr'><strong>gr.</strong></span> <span class='ocrx_word' id='word_1_563' title='bbox 2007 5294 2074 5355; x_wconf 94' lang='lat' dir='ltr'>V</span> <span class='ocrx_word' id='word_1_564' title='bbox 2122 5297 2269 5358; x_wconf 89' lang='lat' dir='ltr'><strong>den.</strong></span> <span class='ocrx_word' id='word_1_565' title='bbox 2337 5315 2459 5374; x_wconf 89' lang='lat' dir='ltr'><strong>pro</strong></span> <span class='ocrx_word' id='word_1_566' title='bbox 2524 5297 2693 5359; x_wconf 90' lang='lat' dir='ltr'><strong>lacte</strong></span> <span class='ocrx_word' id='word_1_567' title='bbox 2750 5304 2817 5358; x_wconf 87' lang='lat' dir='ltr'><strong>et</strong></span> <span class='ocrx_word' id='word_1_568' title='bbox 2864 5316 3091 5359; x_wconf 88' lang='lat' dir='ltr'><strong>crema</strong></span> <span class='ocrx_word' id='word_1_569' title='bbox 3136 5295 3281 5377; x_wconf 57' lang='grc' dir='ltr'><strong>ΙΙΙ]2</strong></span> <span class='ocrx_word' id='word_1_570' title='bbox 3340 5317 3441 5380; x_wconf 88' lang='lat' dir='ltr'><strong>gr.</strong></span> <span class='ocrx_word' id='word_1_571' title='bbox 3505 5319 3629 5379; x_wconf 93' lang='lat' dir='ltr'><strong>pro</strong></span> <span class='ocrx_word' id='word_1_572' title='bbox 3676 5298 3901 5362; x_wconf 90' lang='lat' dir='ltr'><strong>iuueni</strong></span> <span class='ocrx_word' id='word_1_573' title='bbox 3946 5301 4169 5363; x_wconf 88' lang='lat' dir='ltr'><strong>butiro</strong></span> 
     </span>
     <span class='ocr_line' id='line_1_46' title="bbox 973 5404 4169 5490; baseline 0.001 -24"><span class='ocrx_word' id='word_1_574' title='bbox 973 5406 1006 5466; x_wconf 94' lang='lat' dir='ltr'>I</span> <span class='ocrx_word' id='word_1_575' title='bbox 1055 5424 1154 5488; x_wconf 90' lang='lat' dir='ltr'><strong>gr.</strong></span> <span class='ocrx_word' id='word_1_576' title='bbox 1203 5404 1304 5466; x_wconf 94' lang='lat' dir='ltr'>VI</span> <span class='ocrx_word' id='word_1_577' title='bbox 1351 5406 1503 5467; x_wconf 91' lang='lat' dir='ltr'><strong>den.</strong></span> <span class='ocrx_word' id='word_1_578' title='bbox 1567 5423 1690 5486; x_wconf 89' lang='lat' dir='ltr'><strong>pro</strong></span> <span class='ocrx_word' id='word_1_579' title='bbox 1755 5405 1928 5477; x_wconf 93' lang='lat' dir='ltr'><strong>beta,</strong></span> <span class='ocrx_word' id='word_1_580' title='bbox 1985 5409 2117 5486; x_wconf 80' lang='lat' dir='ltr'><strong>por</strong></span> <span class='ocrx_word' id='word_1_581' title='bbox 2179 5413 2248 5465; x_wconf 87' lang='lat' dir='ltr'><strong>et</strong></span> <span class='ocrx_word' id='word_1_582' title='bbox 2312 5404 2716 5486; x_wconf 87' lang='lat' dir='ltr'><strong>petrozelino</strong></span> <span class='ocrx_word' id='word_1_583' title='bbox 2762 5404 2795 5466; x_wconf 94' lang='lat' dir='ltr'>I</span> <span class='ocrx_word' id='word_1_584' title='bbox 2844 5424 2943 5487; x_wconf 87' lang='lat' dir='ltr'><strong>gr.</strong></span> <span class='ocrx_word' id='word_1_585' title='bbox 3009 5425 3131 5486; x_wconf 85' lang='lat' dir='ltr'><strong>pro</strong></span> <span class='ocrx_word' id='word_1_586' title='bbox 3179 5406 3335 5467; x_wconf 88' lang='lat' dir='ltr'><strong>albo</strong></span> <span class='ocrx_word' id='word_1_587' title='bbox 3392 5425 3567 5486; x_wconf 90' lang='lat' dir='ltr'><strong>pane</strong></span> <span class='ocrx_word' id='word_1_588' title='bbox 3613 5405 3645 5468; x_wconf 95' lang='lat' dir='ltr'>I</span> <span class='ocrx_word' id='word_1_589' title='bbox 3694 5427 3793 5490; x_wconf 82' lang='lat' dir='ltr'><strong>gr.</strong></span> <span class='ocrx_word' id='word_1_590' title='bbox 3842 5427 3975 5470; x_wconf 89' lang='lat' dir='ltr'><strong>oua</strong></span> <span class='ocrx_word' id='word_1_591' title='bbox 4018 5407 4169 5482; x_wconf 90' lang='lat' dir='ltr'><strong>XL,</strong></span> 
     </span>
     <span class='ocr_line' id='line_1_47' title="bbox 975 5509 4169 5596; baseline 0.001 -20"><span class='ocrx_word' id='word_1_592' title='bbox 975 5512 1154 5576; x_wconf 88' lang='lat' dir='ltr'><strong>casei</strong></span> <span class='ocrx_word' id='word_1_593' title='bbox 1201 5511 1300 5573; x_wconf 91' lang='lat' dir='ltr'>IV</span> <span class='ocrx_word' id='word_1_594' title='bbox 1349 5512 1532 5593; x_wconf 88' lang='lat' dir='ltr'><strong>prius</strong></span> <span class='ocrx_word' id='word_1_595' title='bbox 1579 5510 1803 5592; x_wconf 89' lang='lat' dir='ltr'><strong>empti,</strong></span> <span class='ocrx_word' id='word_1_596' title='bbox 1849 5509 2043 5594; x_wconf 89' lang='lat' dir='ltr'><strong>panis</strong></span> <span class='ocrx_word' id='word_1_597' title='bbox 2089 5509 2369 5596; x_wconf 87' lang='lat' dir='ltr'><strong>siliginis</strong></span> <span class='ocrx_word' id='word_1_598' title='bbox 2416 5510 2483 5573; x_wconf 93' lang='lat'><strong>11</strong></span> <span class='ocrx_word' id='word_1_599' title='bbox 2530 5531 2762 5594; x_wconf 83' lang='lat' dir='ltr'><strong>sexag.</strong></span> <span class='ocrx_word' id='word_1_600' title='bbox 2818 5511 3004 5593; x_wconf 89' lang='lat' dir='ltr'><strong>prius</strong></span> <span class='ocrx_word' id='word_1_601' title='bbox 3051 5523 3453 5594; x_wconf 87' lang='lat' dir='ltr'><strong>comparate,</strong></span> <span class='ocrx_word' id='word_1_602' title='bbox 3500 5512 3777 5576; x_wconf 89' lang='lat' dir='ltr'><strong>ceruisie</strong></span> <span class='ocrx_word' id='word_1_603' title='bbox 3825 5515 3857 5575; x_wconf 96' lang='lat' dir='ltr'>I</span> <span class='ocrx_word' id='word_1_604' title='bbox 3903 5517 4169 5578; x_wconf 89' lang='lat' dir='ltr'><strong>octuale</strong></span> 
     </span>
     <span class='ocr_line' id='line_1_48' title="bbox 975 5617 4167 5704; baseline 0.001 -24"><span class='ocrx_word' id='word_1_605' title='bbox 975 5618 1333 5701; x_wconf 85' lang='lat' dir='ltr'><strong>proprium,</strong></span> <span class='ocrx_word' id='word_1_606' title='bbox 1384 5617 1658 5680; x_wconf 81' lang='lat' dir='ltr'><strong>Semoni</strong></span> <span class='ocrx_word' id='word_1_607' title='bbox 1706 5619 1986 5681; x_wconf 87' lang='lat' dir='ltr'><strong>Ruteno</strong></span> <span class='ocrx_word' id='word_1_608' title='bbox 2035 5619 2224 5680; x_wconf 90' lang='lat' dir='ltr'><strong>ducis</strong></span> <span class='ocrx_word' id='word_1_609' title='bbox 2286 5639 2408 5698; x_wconf 91' lang='lat' dir='ltr'><strong>pro</strong></span> <span class='ocrx_word' id='word_1_610' title='bbox 2456 5619 2694 5681; x_wconf 83' lang='lat' dir='ltr'><strong>calceis</strong></span> <span class='ocrx_word' id='word_1_611' title='bbox 2742 5620 2842 5680; x_wconf 91' lang='grc' dir='ltr'><strong>ΙΙΙ</strong></span> <span class='ocrx_word' id='word_1_612' title='bbox 2882 5641 2981 5702; x_wconf 87' lang='lat' dir='ltr'><strong>gr.</strong></span> <span class='ocrx_word' id='word_1_613' title='bbox 3020 5619 3166 5700; x_wconf 88' lang='lat' dir='ltr'><strong>ipso</strong></span> <span class='ocrx_word' id='word_1_614' title='bbox 3204 5620 3311 5680; x_wconf 87' lang='lat' dir='ltr'><strong>die</strong></span> <span class='ocrx_word' id='word_1_615' title='bbox 3348 5619 3413 5681; x_wconf 84' lang='lat' dir='ltr'><strong>in</strong></span> <span class='ocrx_word' id='word_1_616' title='bbox 3454 5630 3777 5702; x_wconf 87' lang='lat' dir='ltr'><strong>apparatu</strong></span> <span class='ocrx_word' id='word_1_617' title='bbox 3818 5633 4167 5704; x_wconf 88' lang='lat' dir='ltr'><strong>coempto:</strong></span> 
     </span>
    </p>
   </div>
  </div>
 </body>
</html>
