4592 6559
1009 467 1126 525 186
1777 476 2154 541 REJESTRA
2202 474 2795 525 PODSKARmEGo
2842 476 3176 526 HINCZKI.
3236 484 3417 543 1394.

993 677 1154 741 item
1205 676 1377 740 VIII
1424 677 1807 740 vectoribus
1853 676 2076 761 Regis
2121 698 2242 759 pro
2291 678 2600 739 mercede
2656 676 2951 757 ipsorum
3002 675 3310 760 Quatuor
3372 682 3751 760 temporum
3800 677 4197 751 vernalium,

996 785 1265 849 cuilibet
1310 805 1432 867 per
1475 784 1508 846 Ι
1553 783 1697 847 fert.
1745 804 2008 847 summa
2053 782 2210 848 facit
2256 784 2327 847 II
2373 804 2573 848 marc.

993 891 1151 954 item
1201 892 1694 956 Marsszalkoni
1739 892 1996 955 vectori
2041 892 2157 955 dni
2203 891 2426 976 Regis
2471 892 2769 955 similiter
2826 890 2889 973 ΙΙ,
2948 912 3149 956 marc.

992 998 1152 1061 item
1198 998 1361 1062 feria
1407 998 1510 1061 VI
1557 1000 1865 1082 sequenti
1912 1000 2113 1085 (20l3)
2163 998 2566 1063 Czochaloni
2630 1000 2717 1062 ad
2782 1000 3175 1062 mandatum
3236 998 3460 1083 Regis
3515 999 3774 1063 literale
3840 1000 3943 1063 III
3990 1022 4194 1065 marc.

1204 1106 1577 1170 Distributa
1620 1128 1746 1190 pro
1792 1117 2029 1170 ornatu
2078 1108 2163 1169 ad
2209 1104 2648 1189 Sangwinem
2688 1106 2967 1170 Christi:
3014 1106 3175 1170 item
3212 1126 3333 1189 pro
3371 1105 3553 1169 XVI
3588 1106 3982 1171 calamistris
4018 1109 4193 1171 auri-

992 1210 1154 1277 filati
1199 1235 1466 1277 summa
1510 1215 1697 1278 istius
1743 1236 1866 1297 per
1910 1215 2013 1278 III
2059 1213 2205 1277 fert.
2253 1214 2435 1277 XIII
2450 1214 2512 1295 ¹l2
2572 1234 2773 1278 mare.

1204 1320 1488 1387 Summa
1533 1321 1881 1385 LXXVII
1927 1343 2128 1386 marc.
2174 1322 2330 1385 XX
2374 1342 2465 1385 se.

1203 1429 1373 1492 Item
1421 1450 1542 1512 pro
1589 1431 1803 1493 serico
1849 1432 2143 1494 lacerato
2191 1430 2373 1493 dicto
2420 1428 2615 1513 darty
2667 1427 2944 1513 yedwab
2988 1429 3233 1493 diuersi
3280 1429 3521 1492 coloris
3568 1429 3636 1491 ΙΙ
3683 1450 3884 1494 marc,
3949 1430 4060 1493 IX
4096 1451 4189 1495 se.

987 1536 1147 1600 item
1193 1558 1316 1619 pro
1363 1538 1576 1601 serico
1621 1537 1807 1601 filato
1856 1538 2100 1601 diuersi
2147 1538 2389 1601 coloris
2437 1536 2500 1597 V
2548 1557 2749 1601 marc.
2797 1537 2830 1600 I
2874 1536 3018 1601 fert.

985 1644 1144 1707 item
1193 1666 1315 1726 pro
1362 1645 1464 1707 VI
1511 1646 1686 1709 vlnis
1729 1644 2034 1709 sindonis·
2079 1646 2241 1708 alias
2279 1644 2461 1729 golcz
2505 1643 2641 1706 VII
2656 1644 2719 1725 ¹l2
2778 1665 2878 1728 gr.

985 1752 1143 1815 item
1190 1774 1313 1835 pro
1357 1753 1463 1816 VI
1509 1754 1682 1817 vlnis
1729 1756 1881 1817 albe
1928 1755 2060 1817 tele
2107 1774 2228 1836 per
2273 1753 2343 1815 H
2388 1772 2488 1837 gr.
2536 1772 2803 1815 summa
2846 1751 3007 1816 facit
3052 1751 3083 1813 I
3130 1750 3273 1815 fert.

982 1860 1142 1924 item
1188 1882 1312 1943 pro
1357 1860 1486 1924 filis
1533 1862 1701 1924 albis
1747 1863 1834 1924 ad
1881 1880 2148 1925 crucem
2196 1862 2424 1925 casule
2471 1860 2573 1922 IV
2622 1882 2725 1945 gr.

981 1968 1142 2030 item
1189 1989 1313 2050 pro
1359 1968 1392 2030 Ι
1439 1970 1666 2032 lotone
1716 1969 1894 2032 croci
1940 1970 2077 2033 dno
2123 1969 2313 2053 Regi
2358 1969 2461 2032 ΠΙ
2508 1988 2606 2052 gr.

981 2076 1141 2139 item
1188 2098 1309 2159 pro
1357 2077 1389 2139 I
1436 2077 1607 2140 libra
1651 2076 1863 2159 papiri
1909 2078 1998 2139 ad
2043 2076 2220 2139 idem
2268 2077 2372 2140 III
2421 2098 2519 2160 gr.

978 2182 1140 2247 item
1189 2186 1428 2247 eodem
1497 2185 1603 2246 die
1666 2204 1791 2267 pro
1837 2183 1974 2246 VII
2021 2184 2194 2247 vlnis
2247 2182 2553 2267 pococzt'n
2620 2204 2742 2265 per
2786 2182 2889 2245 VI
2936 2204 3034 2267 gr.
3100 2203 3365 2246 summa
3410 2183 3597 2246 istius
3659 2183 3817 2247 facit
3861 2185 4047 2248 XXI
4094 2206 4185 2250 se.

978 2291 1138 2354 item
1185 2312 1308 2372 pro
1353 2289 1490 2353 VII
1538 2291 1712 2354 vlnis
1759 2292 1892 2355 tele
1939 2291 2268 2374 Nysensis
2316 2311 2437 2373 per
2481 2291 2550 2354 II
2565 2292 2627 2373 ¹l2
2687 2312 2786 2374 gr.
2834 2310 3099 2355 summa
3144 2289 3304 2354 facit
3360 2290 3423 2373 ¹12
3482 2311 3718 2375 sexag.

979 2399 1139 2462 item
1187 2418 1308 2481 pro
1356 2397 1459 2461 III
1505 2398 1689 2461 libris
1735 2398 2059 2461 bombicis
2106 2419 2226 2480 per
2271 2396 2339 2459 V
2386 2419 2487 2482 gr.
2534 2418 2799 2461 summa
2843 2398 3004 2463 facit
3050 2397 3194 2461 XV
3243 2419 3340 2482 gr.

977 2506 1138 2568 item
1186 2526 1307 2588 pro
1355 2505 1387 2568 I
1433 2508 1690 2570 talento
1737 2508 1821 2569 de
1865 2505 1995 2569 filis
2041 2503 2303 2569 moders
2348 2506 2421 2567 X
2468 2526 2569 2591 gr.

977 2613 1137 2677 item
1185 2635 1306 2696 pro
1354 2614 1455 2676 IV
1503 2613 1677 2677 vlnis
1723 2614 1856 2676 tele
1903 2614 2055 2676 albe
2102 2633 2222 2696 per
2269 2612 2449 2694 1111f2
2510 2634 2607 2697 gr.
2654 2633 2919 2677 summa
2964 2613 3103 2676 VII
3148 2633 3237 2677 se.
3304 2623 3520 2677 totum
3588 2634 3711 2696 pro
3774 2616 3911 2677 dno
3976 2615 4183 2699 Rege

977 2722 1378 2785 consuendis
1423 2721 1815 2785 necessariis
1861 2741 1982 2802 per
2027 2720 2399 2783 Henricum
2446 2731 2772 2783 sartorem
2820 2720 3043 2805 Regis
3088 2730 3451 2803 receptum.

977 2830 1148 2892 Item
1198 2850 1318 2911 pro
1365 2830 1398 2892 I
1445 2830 1666 2911 lapide
1713 2828 2087 2912 smigmatis
2133 2829 2337 2891 misso
2385 2830 2519 2891 dno
2568 2828 2755 2911 Regi
2800 2829 2865 2891 in
2918 2828 3305 2891 Zarnowecz
3348 2828 3487 2892 VII
3533 2850 3624 2892 se.

973 2937 1135 2999 item
1181 2936 1582 3011 hominibus,
1631 2937 1744 3019 qui
1789 2937 2020 2998 vinum
2069 2946 2138 2998 et
2183 2936 2313 2999 alia
2358 2936 2732 2999 necessaria
2779 2936 2866 2999 ad
2914 2935 3189 3020 Regem
3252 2936 3318 2998 in
3371 2936 3760 3000 Zarnowccz
3824 2939 4179 3012 duxerant,

975 3046 1064 3107 ad
1110 3046 1501 3107 mandatum
1550 3045 1772 3129 Regis
1819 3044 1852 3106 Ι
1897 3044 2043 3108 fert.

972 3152 1130 3214 item
1179 3173 1299 3234 pro
1346 3152 1379 3215 I
1424 3152 1592 3215 libra
1637 3152 1827 3214 serici
1873 3152 2075 3235 grisei
2122 3162 2190 3213 et
2235 3151 2411 3234 nigri
2460 3152 2546 3214 ad
2594 3152 3054 3215 consuendum
3103 3152 3339 3234 ioppas
3386 3161 3455 3215 et
3491 3152 3621 3215 alia
3656 3154 3793 3216 dno
3832 3152 4023 3237 Regi
4060 3174 4181 3237 per

974 3259 1346 3323 Henricum
1395 3270 1722 3323 sartorem
1770 3258 1872 3321 IV
1919 3279 2122 3322 marc,
2170 3259 2203 3321 I
2250 3258 2396 3321 fert.

1185 3366 1470 3430 Summa
1517 3366 1695 3429 XIV
1745 3387 1945 3430 marc.
1991 3366 2144 3429 XX
2189 3386 2278 3429 sc,
2328 3366 2361 3428 I
2410 3386 2507 3449 gr.

1186 3475 1356 3537 Item
1405 3474 1885 3538 fistulatoribus
1922 3474 2038 3537 dni
2075 3474 2296 3557 Regis
2346 3474 2432 3536 ad
2469 3472 2649 3536 viam
2686 3482 2842 3556 post
2879 3474 3159 3559 Regem
3190 3495 3426 3538 versus
3464 3474 3813 3537 Poloniam
3844 3475 4176 3561 Magnam

972 3582 1057 3644 ad
1105 3585 1496 3647 mandatum
1546 3583 1660 3645 dni
1707 3582 1932 3666 Regis
1976 3581 2234 3644 literale
2281 3581 2386 3645 III
2434 3602 2636 3644 marc,

970 3690 1128 3753 item
1176 3690 1730 3752 tubicinatoribus
1774 3690 1890 3752 dni
1939 3689 2161 3773 Regis
2206 3688 2509 3752 similiter
2556 3690 2718 3771 (pro)
2768 3689 3083 3772 expensis
3128 3688 3195 3750 II
3245 3709 3443 3751 marc,

972 3798 1131 3861 item
1176 3797 1658 3861 fistulatoribus
1704 3797 1817 3861 dni
1862 3795 2212 3881 Sczyborii
2259 3818 2349 3861 ex
2394 3806 2583 3878 parte
2628 3798 2766 3859 dne
2811 3796 3089 3881 Regine
3134 3798 3221 3860 ad
3270 3797 3661 3860 mandatum
3701 3798 4005 3863 eiusdem
4043 3800 4175 3863 dne

971 3906 1245 3989 Regine
1291 3905 1359 3968 II
1407 3926 1609 3969 marc.

968 4014 1130 4077 item
1175 4012 1338 4075 feria
1384 4012 1487 4076 III
1534 4013 1840 4096 sequenti
1887 4012 2088 4097 (17s3)
2137 4012 2504 4075 Immrarno
2572 4013 2660 4075 de
2715 4008 3000 4074 Caulz'cze
3046 4011 3131 4073 ad
3180 4012 3570 4075 mandatum
3618 4012 3841 4096 Regis
3889 4014 3921 4075 I
3968 4033 4173 4077 mare.

970 4122 1128 4184 item
1177 4120 1436 4183 mulieri
1499 4123 1586 4184 de
1640 4120 1948 4205 Vngaria
2011 4120 2384 4183 transeunti
2448 4122 2536 4182 ad
2599 4120 2829 4182 limina
2893 4117 3279 4203 Sangwinis
3336 4118 3577 4182 Christi
3642 4120 3729 4183 ad
3776 4125 4171 4185 mandatum

969 4230 1101 4291 dne
1150 4228 1423 4312 Regine
1469 4228 1642 4291 VIII
1691 4248 1791 4312 gr.

968 4337 1128 4399 item
1177 4336 1507 4399 Clementi
1551 4334 1862 4399 hefftario
1909 4336 1996 4397 ad
2043 4336 2438 4398 mandatum
2488 4334 2788 4397 eiusdem
2836 4332 3006 4396 VIII
3055 4354 3153 4417 gr.

967 4445 1128 4507 item
1193 4465 1316 4527 pro
1380 4444 1620 4507 balista
1683 4444 1885 4506 missa
1948 4444 2083 4505 dno
2149 4442 2337 4525 Regi
2409 4443 2497 4505 ad
2560 4441 2909 4505 Poloniam
2984 4460 3137 4504 cum
3212 4441 3524 4503 omnibus
3590 4441 3961 4504 attinenciis
4031 4444 4171 4506 suis

969 4552 1001 4613 Ι
1017 4552 1080 4633 ¹l2
1140 4571 1338 4615 mare.

969 4660 1128 4722 item
1176 4680 1298 4742 pro
1343 4657 1532 4721 futris
1580 4660 1666 4720 ad
1717 4655 2174 4741 beyngwantos
2220 4656 2411 4740 Regi
2458 4656 2674 4719 missis
2720 4656 2875 4718 illuc
2923 4656 3031 4719 XI
3080 4675 3169 4718 se.

968 4767 1128 4831 item
1177 4787 1298 4848 pro
1345 4766 1378 4829 I
1426 4765 1710 4829 stamine
1757 4764 2074 4846 parchani
2121 4764 2208 4826 ad
2254 4764 2649 4827 thezaururn
2696 4764 2729 4827 I
2776 4784 3011 4847 sexag.

969 4875 1126 4937 item
1173 4894 1295 4956 pro
1341 4872 1530 4937 freno
1577 4872 1840 4936 ducisse
1887 4870 2217 4935 Semouiti
2262 4869 2442 4933 XIV
2490 4892 2578 4935 sc.

970 4983 1126 5044 item
1195 5002 1316 5063 pro
1381 4980 1793 5045 confectibus
1858 4979 2132 5063 Regine
2197 4979 2511 5042 veniente
2578 4978 2966 5042 Mai-chione
3031 4978 3097 5040 in
3163 4978 3556 5042 Cracouiam
3623 4989 3784 5043 tunc
3848 4981 4168 5063 temporis

970 5090 1038 5152 II
1085 5110 1286 5152 mare.

969 5198 1129 5261 item
1177 5217 1300 5279 pro
1345 5217 1510 5259 auro
1557 5206 1625 5259 et
1671 5215 1888 5269 croc0‚
1935 5196 2117 5277 quod
2163 5214 2369 5276 super
2414 5192 2757 5257 confectus
2795 5195 2882 5258 ad
2912 5193 3431 5275 Carnisprivium
3462 5194 3747 5259 Andree
3785 5196 4162 5277 apotecario

971 5306 1204 5368 datum
1252 5313 1394 5367 erat
1440 5304 1473 5365 I
1519 5323 1753 5386 sexag.

971 5414 1129 5476 item
1177 5433 1300 5494 pro
1346 5412 1415 5474 ΙΙ
1460 5411 1641 5475 tastis
1687 5413 1774 5474 ab
1821 5412 2335 5473 subducendum
2401 5412 2714 5485 casulam,
2762 5409 3169 5485 dalmaticaS,
3226 5418 3537 5473 ornatum
3596 5412 3683 5471 ad
3730 5407 4161 5492 Sangwinem

973 5519 1212 5585 Christi
1255 5540 1376 5601 per
1420 5518 1487 5581 V
1535 5539 1733 5582 mare.
1781 5538 2044 5582 summa
2088 5517 2246 5581 facit
2291 5516 2369 5581 X
2414 5538 2616 5581 marc,

1185 5626 1469 5691 Summa
1513 5625 1733 5691 XXV
1779 5646 1980 5690 marc.
2027 5626 2136 5689 IX
2183 5646 2272 5689 sc.
