4592 6559
980 494 1062 555 γε»
1387 488 1764 553 REJESTRA
1815 488 2331 549 Ponazlzc'rWA
2382 476 3036 537 KoaczYNsmEGo.
3096 478 3277 550 1388,
3338 479 3527 553 1389,
3578 495 3757 554 1390·

1191 690 1324 751 Pro
1371 689 1678 751 linicione
1727 688 2062 753 Stanislao
2109 710 2259 751 cum
2309 688 2491 751 socio
2531 689 3001 771 argilatoribus
3038 688 3309 771 pistrine
3348 700 3415 751 et
3452 690 3713 771 pallacii
3742 700 3809 751 et
3838 703 4181 753 construc-

977 798 1165 860 cione
1202 795 1490 859 fornacis
1535 794 1836 883 XVII¹s²
1885 808 2045 860 scot.
2094 806 2160 858 et
2206 798 2233 859 I
2286 816 2667 859 mensuram
2718 796 3012 879 siliginis,

1191 904 1324 966 Pro
1371 905 1828 967 conuencione
1875 905 2040 967 silue
2089 904 2428 967 excisione
2474 912 2852 967 statuarum
2896 904 3385 986 laqueariorum
3433 924 3585 967 cum
3634 906 3779 967 aliis
3816 905 4017 987 lignis
4044 906 4184 969 edi-

975 1011 1274 1074 ficiorum
1329 1012 1734 1079 necessariis.
1783 1032 1905 1093 pro
1950 1013 2191 1074 horreo
2257 1012 2325 1072 in
2380 1008 2911 1073 Sandzzssrlauz'cze
2956 1013 3425 1082 construendO,
3492 1012 3741 1091 Iacobo
3788 1022 3855 1073 et
3900 1011 4185 1095 VVoyci-

977 1121 1124 1181 coni
1175 1120 1664 1182 laboratoribus
1711 1118 1774 1181 in
1835 1117 2116 1181 Grandi
2150 1118 2321 1180 Vm
2370 1129 2531 1181 scot.

1189 1227 1322 1289 Pro
1370 1228 1678 1289 mercede
1727 1226 2016 1288 Alberto
2066 1226 2577 1289 molendinatori
2622 1226 2869 1287 ibidem
2916 1224 3183 1289 facienti
3229 1235 3490 1305 portam
3540 1236 3609 1287 et
3654 1226 3971 1289 verticem
4020 1227 4185 1288 emi-

977 1344 1249 1396 nentem
1297 1353 1502 1415 super
1546 1355 1694 1396 eam
1744 1334 1808 1395 in
1857 1335 2101 1396 horreo
2151 1334 2448 1415 predicto
2497 1343 2563 1395 et
2608 1331 2890 1413 szlemnu
2945 1333 3074 1394 IIII
3124 1344 3286 1395 scot.

1191 1442 1323 1503 Pro
1372 1443 1680 1503 mercede
1728 1440 2054 1505 Clementi
2103 1440 2522 1523 carpentario
2570 1440 2981 1502 construenti
3030 1442 3293 1501 stubam
3326 1438 3389 1501 in
3422 1440 3668 1503 allodio
3697 1450 3851 1502 ante
3883 1452 4177 1504 castrum

976 1551 1061 1612 de
1109 1547 1368 1611 edificio
1417 1548 1688 1631 antiquo
1737 1548 2008 1629 pistrine
2055 1549 2218 1610 alias
2263 1549 2329 1610 in
2380 1559 2595 1609 castro
2642 1547 2877 1609 stantis
2929 1546 3024 1608 VI
3073 1558 3233 1609 scot.

1192 1655 1323 1718 Pro
1369 1656 1676 1718 linicione
1723 1656 1918 1718 stube
1965 1656 2347 1737 supradicte
2392 1666 2461 1718 et
2499 1655 3003 1717 construccioue
3042 1654 3327 1717 fornacis
3364 1654 3629 1717 racione
3668 1656 3991 1719 mercedis
4030 1654 4185 1719 Sta·

977 1764 1188 1825 nislao
1235 1784 1388 1825 cum
1438 1762 1618 1825 socio
1666 1762 1733 1823 V
1779 1774 1943 1826 scot.
1991 1773 2056 1825 et
2105 1764 2134 1824 Ι
2184 1764 2360 1824 chor.
2408 1762 2702 1845 siliginis.

1191 1871 1324 1933 Pro
1371 1891 1506 1931 vno
1555 1871 1788 1931 molari
1834 1871 2054 1950 lapide
2103 1872 2186 1933 ad
2236 1870 2693 1933 molendinum
2743 1870 3137 1932 Lossosonis
3186 1868 3363 1931 XVI
3410 1880 3572 1931 scot.

1191 1977 1322 2039 Pro
1372 1978 1712 2040 excisione
1758 1979 2076 2041 roborum
2125 1987 2399 2058 pontem
2449 1977 2643 2039 castri
2693 1974 3121 2039 reformando
3176 1987 3243 2039 et
3281 1977 3665 2039 turriculam
3715 1977 3961 2041 dictam
4006 1998 4185 2040 sam-

981 2083 1160 2148 bona
1209 2084 1538 2149 Clementi
1583 2086 1883 2167 predicto
1931 2084 1997 2145 V
2045 2094 2204 2147 scot.

1189 2300 1298 2361 De
1345 2321 1522 2361 anno
1570 2300 1822 2362 domini
1868 2308 2110 2362 octauo
2161 2299 2422 2380 (1388).

1191 2428 1326 2489 Ista
1375 2436 1532 2489 sunt
1577 2427 1921 2509 resignata
1964 2426 2030 2489 in
2078 2424 2554 2489 Sandtklauz'ce
2618 2426 2684 2488 in
2752 2427 2993 2487 horreo
3040 2424 3153 2487 dni
3200 2425 3424 2505 Regis
3471 2444 3593 2506 per
3638 2426 3846 2488 dnum
3897 2426 4183 2489 Pelkam

977 2546 1479 2617 procuratorem
1530 2534 1916 2617 generalem
1967 2536 2102 2595 dno
2151 2534 2439 2595 (Iristino
2486 2544 2771 2613 protunc
2819 2531 3059 2594 rectori
3106 2532 3384 2595 ecclesie
3433 2533 3967 2596 Czechouiensis:

1193 2642 1405 2723 primo
1455 2651 1521 2704 et
1567 2641 2014 2723 principaliter
2060 2641 2306 2703 ibidem
2355 2640 2625 2703 fuerunt
2673 2640 3014 2703 CCXXX
3060 2641 3335 2721 capecia
3380 2638 3657 2723 siliginis
3722 2651 3789 2702 et
3855 2640 4036 2705 aliud
4080 2650 4189 2703 est

975 2762 1468 2831 consumptum,
1517 2752 1759 2831 quibus
1808 2749 2119 2811 tritulatis
2170 2761 2363 2810 erant
2401 2748 2691 2811 CLXIII
2734 2768 2943 2810 mens,
2984 2747 3281 2831 siliginis
3332 2749 3499 2811 Item
3543 2748 3629 2810 de
3667 2748 3885 2811 tritico
3912 2748 4185 2811 fuerunt

975 2856 1099 2919 LII
1149 2858 1434 2939 capecia,
1502 2858 1745 2939 quibus
1793 2856 2102 2917 tritulatis
2151 2868 2343 2917 erant
2389 2856 2640 2917 XXIII
2694 2876 2901 2918 mens.
2978 2857 3141 2917 Item
3211 2858 3297 2919 de
3364 2858 3569 2919 ordeo
3616 2856 3859 2919 LXXI
3928 2867 4185 2938 capete,

974 2965 1217 3046 quibus
1265 2965 1575 3047 tritulatis
1625 2961 1930 3047 XXIl¹s¹2
1983 2984 2188 3025 mens.
2238 2974 2443 3025 erant.
2515 2964 2761 3025 Iterum
2830 2984 3043 3025 auene
3092 2964 3206 3027 CL
3262 2964 3531 3045 capecia
3586 2963 3874 3029 fuerunt.
3940 2964 4183 3046 quibus

975 3072 1288 3135 tritulatis
1336 3072 1544 3134 CXX
1591 3092 1800 3135 mens.
1848 3082 2054 3133 erant.
2126 3072 2227 3132 De
2275 3072 2421 3151 piso
2466 3072 2765 3134 tritulato
2811 3070 3083 3134 fuerunt
3147 3071 3283 3133 VII
3332 3072 3511 3135 chor.
3597 3072 3701 3135 De
3748 3083 3974 3136 scruto
4026 3082 4187 3135 sunt

975 3180 1250 3243 tritulati
1303 3180 1365 3241 11
1415 3180 1590 3241 chor.
1640 3179 1845 3260 miley
1891 3188 2172 3241 tantum.

1190 3287 1296 3348 De
1343 3307 1522 3349 anno
1569 3288 1804 3349 eodem
1859 3286 2170 3348 videlicet
2217 3297 2462 3348 octauo
2512 3284 2769 3366 (1388).

1092 3374 1100 3379 ’
1193 3394 1513 3475 Sequitur
1559 3394 1920 3455 seminacio
1969 3393 2032 3453 in
2082 3390 2554 3455 Sandzklauz'cc·
2599 3392 2869 3461 iemalis,
2940 3394 3153 3473 primo
3221 3396 3305 3455 de
3373 3394 3636 3473 siligine
3686 3394 3811 3455 LX
3873 3413 4185 3457 mensure

977 3514 1134 3565 sunt
1182 3502 1522 3564 seminate.
1577 3502 1822 3563 Iterum
1870 3502 1956 3563 de
2005 3500 2222 3562 tritico
2269 3500 2448 3562 XIV
2498 3520 2809 3562 mensure
2858 3510 3015 3563 sunt
3062 3502 3403 3565 seminate.

1193 3609 1298 3671 De
1345 3629 1523 3671 anno
1571 3628 1752 3670 nono
1801 3610 2057 3691 (1389).

1193 3715 1264 3778 A
1310 3716 1792 3778 kmethonibus
1837 3714 2084 3778 ibidem
2135 3737 2254 3796 pro
2304 3715 2669 3777 seminibus
2716 3734 2930 3777 auene
2982 3716 3176 3777 XCII
3228 3737 3434 3777 mens.

1193 3824 1512 3905 Sequitur
1558 3824 1918 3885 seminacio
1958 3823 2250 3885 estiualis
2289 3823 2537 3885 ibidem
2576 3824 2641 3885 in
2679 3820 3185 3885 Sandzssclaut'ce:
3232 3823 3448 3905 primo
3478 3843 3693 3885 auene
3724 3822 4181 3884 LXXXVIII

979 3951 1290 3995 mensure
1336 3942 1494 3993 sunt
1539 3912 1881 3993 seminate.
1931 3932 2182 3992 Iterum
2231 3932 2317 3993 de
2364 3933 2572 3993 ordeo
2618 3930 2725 3992 XI
2766 3950 3080 3992 mensure
3116 3942 3271 3992 sunt
3313 3931 3654 3993 seminate.
3707 3931 3875 3992 Item
3914 3931 3999 3992 de
4036 3930 4180 4010 piso

984 4040 1083 4101 lV
1129 4040 1308 4102 chor.
1355 4049 1512 4101 sunt
1558 4038 1881 4101 seminati.
1933 4040 2100 4101 Item
2153 4040 2236 4100 de
2284 4049 2509 4101 scruto
2558 4036 2675 4123 I¹l2
2728 4039 2905 4100 chor.

1193 4148 1299 4210 De
1346 4167 1523 4209 anno
1570 4166 1750 4209 nono
1801 4148 2054 4229 (1389).

1197 4257 1334 4317 Ista
1381 4264 1538 4317 sunt
1585 4256 1920 4316 conducta
1965 4256 2030 4315 in
2079 4252 2553 4315 Sandzslam'cc
2599 4254 2663 4314 in
2714 4255 3026 4315 horreum
3076 4252 3189 4314 dni
3238 4253 3461 4335 Regis
3516 4254 3600 4313 de
3650 4253 4035 4333 supradicta
4080 4271 4181 4314 se-

981 4364 1386 4427 minacione:
1454 4362 1670 4444 primo
1736 4363 1871 4423 duo
1921 4362 2142 4423 acerui
2193 4362 2470 4443 siliginis
2536 4372 2601 4421 et
2650 4360 2839 4423 CVII
2898 4360 3171 4440 capecia
3233 4360 3513 4441 siliginis
3580 4360 3643 4420 in
3713 4360 4011 4421 stacione
4068 4359 4182 4420 dni

981 4472 1202 4555 Regis
1250 4481 1317 4533 et
1365 4470 1638 4551 Regino
1687 4471 2158 4549 expenderunt
2204 4469 2268 4529 in
2320 4468 2577 4530 diiariis.
2629 4468 2799 4530 Item
2848 4468 2914 4527 11
2965 4468 3187 4528 acerui
3237 4467 3448 4528 tritici.
3498 4466 3603 4527 De
3650 4467 3795 4547 piso
3832 4465 4077 4529 falcato
4114 4479 4185 4528 et

982 4579 1214 4641 metito
1261 4580 1292 4640 I
1341 4598 1623 4639 aceruus
1670 4597 1935 4658 paruus.
2003 4576 2108 4636 De
2157 4577 2367 4637 ordeo
2416 4575 2624 4637 eciam
2676 4574 2921 4635 falcato
2968 4586 3035 4635 et
3083 4574 3315 4635 metito
3367 4573 3395 4634 Ι
3445 4594 3763 4635 acerwus.
3825 4573 3928 4635 De
3968 4594 4187 4635 auena

982 4685 1099 4773 I¹s2
1150 4704 1422 4748 acerWS.
1470 4685 1641 4748 Item
1693 4705 1828 4745 una
1875 4702 2191 4745 mensura
2239 4682 2443 4763 miley
2492 4692 2773 4750 tantum,
2822 4682 2977 4763 quia
3026 4700 3157 4742 non
3208 4682 3533 4761 prouenit.

1195 4794 1513 4876 Sequitur
1558 4792 1890 4855 tritulacio
1939 4792 2409 4871 predictorum.

1197 4900 1458 4982 Quibus
1505 4902 1772 4962 duobus
1830 4898 2085 4959 aceruis
2151 4896 2430 4979 siliginis
2498 4896 2807 4958 tritulatis
2876 4908 3065 4957 erant
3132 4896 3453 4957 LXXIX
3510 4916 3717 4957 menS.
3765 4895 3935 4977 silig.
4010 4896 4181 4957 Item

981 5011 1065 5072 de
1113 5010 1376 5070 duobus
1425 5008 1696 5068 aceruis
1727 5006 1922 5068 tritici
1977 5000 2425 5088 xxxV11¹s2
2476 5024 2681 5065 mens,
2731 5004 2900 5065 Item
2951 5004 3155 5085 ordeij
3200 5003 3473 5065 tritulati
3518 5002 3777 5064 XXXI
3818 5022 4024 5065 mens.
4064 5003 4185 5063 mi-

981 5117 1086 5198 leij
1142 5117 1233 5177 lY
1286 5118 1464 5177 chor.
1520 5114 1683 5176 Item
1734 5133 1948 5174 auene
1997 5113 2290 5174 tritulate
2342 5108 2688 5196 (JLXH's2
2740 5132 2947 5172 mens,

1197 5224 1302 5284 De
1349 5242 1526 5284 anno
1577 5242 1755 5283 nono
1803 5220 2058 5301 (1389).

1197 5330 1518 5411 Sequitur
1581 5328 1942 5390 seminacio
2004 5328 2070 5388 in
2130 5325 2661 5389 Sandzt'slam’cze
2724 5326 3011 5388 iemalis:
3088 5325 3303 5407 primo
3368 5324 3649 5407 siliginis
3714 5324 3915 5385 LXII
3974 5344 4186 5387 mens.

981 5442 1138 5502 item
1191 5440 1277 5499 de
1323 5437 1540 5500 tritico
1589 5433 1887 5520 ΧΥΙΙῙ]2
1939 5456 2146 5497 mens.

1195 5547 1302 5607 'De
1351 5566 1527 5607 anno
1575 5544 2016 5626 nonagesimo
2065 5544 2318 5625 (1390).

1195 5654 1442 5715 Auene
1491 5652 1690 5715 XCII
1737 5671 2048 5713 mensure
2095 5671 2216 5731 pro
2256 5649 2620 5711 seminibus
2661 5672 2699 5709 a
2738 5648 3213 5710 kmethonibus
3250 5648 3495 5708 ibidem
3540 5648 3623 5707 de
3660 5643 4183 5708 Sandzzssvlam'ce.
