4592 6559
1193 460 1588 526 REJESTRA·
1625 459 2212 512 PODSKARBIEGO
2260 457 2592 512 HlchKI.
2651 454 2831 528 139'4.
3474 467 3591 514 201

401 663 560 727 item
610 685 734 746 pro
779 665 962 728 zonis
1009 666 1096 728 ad
1146 662 1328 736 briae,
1401 686 1522 746 pro
1583 662 1839 728 moden
1883 675 1952 728 et
2013 663 2144 726 filis
2191 663 2431 727 albatis
2470 648 2717 725 “missis
2778 665 2913 725 dno
2961 663 3149 748 Regi
3198 685 3316 746 per
3362 657 3601 726 Prz'e‘d·

409 772 704 854 wogium
749 772 1002 834 socium
1050 773 1518 835 thesaurorum
1567 773 1632 834 in
1690 770 1922 835 Chelm
1968 771 2032 832 V
2037 771 2105 833 11
2151 791 2239 835 se.

405 879 564 944 item
613 880 748 942 dno
797 879 1132 942 Petrassio
1179 899 1464 962 genero
1481 879 1593 942 dni
1645 879 1860 942 Karw
1863 898 2110 952 aczoni
2159 878 2363 942 misso
2411 879 2495 942 ad
2544 878 3005 952 lithwaniam,
3052 879 3137 941 ad
3185 879 3443 942 literam
3491 853 3605 940 dni

409 986 628 1070 Regis
677 987 752 1048 X
796 1007 996 1051 mare.
3489 995 3493 1000 '

409 1093 566 1156 item
613 1095 900 1157 sabbato
944 1094 1258 1177 proximo
1305 1095 1358 1176 (1
1381 1116 1402 1158 ι
1415 1095 1507 1178 17)
1489 1093 1857 1174 >Hem-ico
1903 1094 2143 1159 sartori
2211 1095 2324 1156 dni
2374 1094 2595 1178 Regis
2642 1081 2765 1175 pro
2828 1093 3119 1206 textorio
3165 1091 3381 1212 ferreo
3427 1093 3606 1158 dicto

409 1220 617 1284 ramy,
662 1203 750 1264 ad
797 1204 1169 1284 parandum
1219 1203 1472 1266 iaceam
1520 1204 1656 1264 dno
1703 1199 2011 1264 W1t01d0
2059 1201 2133 1263 X
2181 1221 2277 1284 gr.

409 1307 568 1370 item
614 1329 738 1391 pro
786 1309 1101 1391 expensis
1167 1311 1282 1373 dni
1346 1308 1889 1374 vicethezaurarii
1954 1307 2144 1372 factis
2210 1329 2363 1372 cum
2430 1309 2796 1374 sartoribus
2861 1309 2975 1373 dni
3042 1308 3263 1393 Regis
3326 1285 3609 1372 iacendo

409 1413 730 1480 Cracouie
777 1419 865 1480 ad
909 1417 1352 1499 septimanam
1397 1417 1781 1501 preteritam
1830 1417 1860 1479 Ι
1907 1437 2110 1481 marc.
2149 1417 2284 1481 v11
2332 1438 2421 1482 sc.
2469 1418 2501 1479 Ι
2549 1438 2645 1500 gr.
3143 1399 3147 1404 ’

409 1523 568 1586 item
616 1524 950 1587 dominica
995 1525 1305 1608 proxima
1353 1525 1552 1610 ()12s7
1534 1527 1774 1606 >dnus
1821 1524 2169 1588 Illmancio
2217 1525 2543 1610 magister
2580 1537 2701 1588 etc.
2738 1543 2863 1607 pro
2901 1523 2932 1585 Ι
2981 1525 3175 1605 spula
3222 1524 3401 1586 dicta
3448 1523 3605 1587 σκετο

411 1631 553 1697 auri
579 1627 754 1693 filati.
769 1633 862 1694 ad
889 1642 1198 1696 ornatum
1229 1653 1466 1696 versus
1495 1631 1918 1718 Sanguinem
1949 1631 2235 1695 Christi
2219 1652 2286 1695 1n
2318 1631 2638 1707 Saxonia,
2675 1633 2835 1696 data
2865 1633 2997 1694 dne
3028 1629 3304 1714 Regine
3334 1631 3437 1694 III
3465 1629 3609 1694 fert.

411 1736 571 1799 item
618 1758 740 1819 pro
787 1737 854 1800 II
904 1740 1168 1803 talentis
1233 1739 1536 1823 cynobrii
1600 1741 1686 1802 ad
1750 1739 2252 1824 depingendum
2320 1739 2781 1836 dormitorium
2848 1739 2963 1802 dni
3011 1738 3231 1822 Regis
3278 1738 3344 1801 in
3392 1749 3611 1846 castro

413 1841 836 1908 Cracouiensi
867 1846 916 1908 ·I
963 1866 1198 1932 sexag.

411 1952 586 2014 item
619 1973 742 2035 pro
790 1955 968 2019 vasis
993 1953 1266 2020 scilicet
1311 1955 1459 2018 ollis
1507 1966 1628 2018 ete.
1653 1975 1664 1982 ·
1691 1955 1760 2016 in
1809 1954 2052 2037 quibus
2100 1955 2384 2018 colores·
2425 1954 2589 2017 varii
2654 1972 2774 2036 per
2835 1954 3123 2036 pictores
3188 1952 3614 2017 Ruthenicos

416 2068 769 2124 seruantur
813 2061 848 2124 Ι
877 2083 1006 2154 seq
1027 2062 1206 2124 XIV
1253 2065 1403 2126 den.

632 2165 914 2252 Summa
959 2169 1102 2232 XV
1150 2189 1351 2233 marc.
1397 2169 1542 2251 V¹s²
1600 2189 1689 2234 sc.
1736 2167 1914 2232 XIV
1961 2170 2110 2234 den.

633 2273 806 2338 Item
845 2270 1150 2354 Jacussio
1215 2277 1540 2360 magistro
1603 2276 1892 2360 coquine
1957 2277 2090 2340 dne
2156 2277 2429 2360 Regine
2478 2277 2565 2340 ad
2612 2277 3104 2370 exsoluendum
3171 2297 3428 2352 cenam,
3492 2297 3614 2358 per

419 2381 638 2463 ipsum
685 2383 1140 2464 comparatam
1189 2384 1254 2446 in
1305 2383 1746 2470 Nepolomt'ce,
1802 2385 1868 2446 in
1917 2383 2207 2449 crastino
2255 2405 2305 2448 s,
2345 2384 2669 2464 Johannis
2716 2385 2773 2467 (2
2784 2384 2918 2470 516
2899 2384 3070 2466 )ΙΙΙ
3115 2403 3319 2448 marc,
3365 2381 3476 2447 IX
3524 2403 3613 2448 se.

419 2488 456 2550 I
501 2498 716 2571 quart.

421 2596 580 2660 item
626 2599 910 2661 sabbato
956 2599 1264 2681 proxime
1311 2599 1616 2682 sequenti
1664 2601 1715 2682 (1
1731 2601 1866 2685 817)
1913 2621 2034 2682 pro
2081 2599 2400 2682 expensis
2446 2600 2560 2662 dni
2608 2597 3170 2674 vicethezaurarii,
3216 2599 3408 2664 factis
3454 2596 3616 2663 Cra-

423 2703 614 2768 couie
659 2705 940 2768 iacendo
987 2727 1142 2770 cum
1189 2707 1556 2770 sartoribus
1619 2707 1733 2771 dni
1799 2707 2023 2792 Regis
2085 2709 2173 2772 ad
2237 2719 2451 2772 totam
2516 2707 2960 2790 septimanam
3029 2709 3501 2818 precedentem
3550 2701 3619 2769 ΙΙ

425 2831 624 2876 marc.
670 2811 772 2874 VI
819 2833 907 2876 sc.
958 2813 1057 2876 VI
1104 2816 1253 2880 den.
3180 2823 3183 2828 '

422 2921 582 2984 item
631 2919 794 2983 feria
839 2921 908 2983 ΙΙ
953 2923 1266 3004 proxima
1313 2923 1516 3005 (20s7)
1562 2921 2006 2986 Lithwossoni
2053 2923 2474 2998 cubiculariO,
2541 2923 2655 3006 qui
2720 2943 2873 2987 cum
2938 2921 3172 2987 litteris
3237 2922 3352 2986 dni
3399 2921 3621 3006 Regis

426 3034 702 3092 vener'at
748 3031 834 3092 de
889 3027 1138 3103 Chelm,
1184 3050 1338 3094 cum
1386 3049 1734 3114 regressus
1781 3039 1882 3092 est
1928 3031 2016 3093 ad
2059 3031 2270 3093 dnum
2319 3030 2595 3114 Regem
2642 3030 2675 3092 Ι
2721 3029 2865 3094 fert.

425 3135 584 3198 item
633 3135 940 3200 Bohemo
987 3137 1052 3200 in
1110 3136 1378 3222 Cleparz
1424 3137 1834 3222 denigratori
1880 3157 2275 3220 pannorum,
2322 3158 2445 3220 pro
2491 3137 2967 3220 denigracione
3013 3157 3459 3220 purpurarum
3506 3137 3626 3200 dni·

427 3243 666 3328 Regis,
711 3246 800 3308 ad
846 3242 1084 3308 vocem
1131 3246 1247 3309 dni
1294 3246 1516 3330 Regis
1561 3245 1594 3308 I
1641 3265 1842 3309 marc.

426 3352 586 3414 item
631 3352 748 3414 vni
793 3353 976 3416 socio
1021 3355 1491 3418 thezaurorum
1540 3354 1866 3416 wlnerato
1913 3372 2036 3436 pro
2084 3353 2350 3416 medela
2394 3353 2601 3434 ipsius
2648 3353 2681 3415 I
2727 3352 2874 3416 fert.

427 3459 587 3523 item
635 3480 758 3542 pro
803 3461 968 3524 sella
1015 3481 1168 3524 cum
1217 3461 1592 3525 attinenciis
1636 3462 1794 3524 data
1840 3460 2142 3542 predicto
2207 3461 2391 3524 socio
2434 3447 2781 3534 'wlnerato‚
2827 3461 2942 3543 qui
2988 3459 3344 3542 expeditus
3390 3469 3491 3523 est
3538 3459 3625 3523 ad

428 3567 638 3630 dnum
687 3567 964 3651 Regem
1009 3569 1078 3631 in
1133 3566 1364 3632 Clzelm
1409 3568 1522 3630 IX
1567 3588 1658 3632 se.

428 3673 586 3736 item
633 3694 759 3756 pro
806 3676 1124 3758 expensis
1167 3676 1472 3759 predicto
1517 3675 1705 3740 socio
1751 3685 1819 3739 et
1864 3675 2134 3750 vectori,
2181 3674 2298 3757 qui
2337 3674 2532 3738 duxit
2568 3675 2840 3756 iaceam,
2884 3675 3133 3750 Vinum,
3180 3674 3474 3738 tunicam
3511 3674 3627 3738 dni

431 3781 654 3865 Regis
697 3791 765 3848 et
810 3783 974 3846 alias
1021 3783 1340 3866 plurimas
1385 3803 1496 3847 res
1539 3783 1606 3846 in
1663 3780 1894 3846 Clzelm
1939 3782 2008 3846 ΙΙ
2057 3802 2256 3847 mare.
2305 3782 2477 3844 VIII
2524 3802 2613 3846 se.
2650 3789 2653 3796 '

431 3888 590 3952 item
638 3909 761 3971 pro
795 3889 1143 3974 francz-cae
1187 3892 1276 3954 ad
1321 3891 1573 3954 iaceam
1621 3890 1737 3954 dni
1783 3888 2116 3954 Witholdi
2163 3889 2231 3952 II
2279 3909 2478 3952 mare.
2525 3889 2628 3952 III
2674 3909 2765 3952 sc.
3702 3977 3705 3980 ἡ

433 3995 592 4058 item
639 3995 803 4059 feria
847 3997 915 4060 II
961 3999 1267 4080 proxime
1313 3997 1619 4082 sequenti
1664 4018 1789 4080 pro
1835 3997 2152 4080 expensis
2197 3997 2565 4060 sartoribus
2613 3997 2728 4059 dni
2766 3996 2988 4080 Regis
3032 3996 3099 4059 in
3147 3993 3470 4059 Cracouia
3516 3996 3629 4058 de-

436 4103 700 4178 relictis,
746 4105 882 4167 dno
927 4105 1490 4170 vicethezaurario
1535 4106 1624 4170 ad
1668 4105 2074 4168 hereditates
2119 4125 2277 4168 suas
2322 4107 2696 4175 recedente,
2743 4103 2776 4165 I
2823 4121 3023 4167 mare.

649 4208 936 4275 Summa
979 4212 1160 4276 XIII
1209 4233 1409 4276 marc.
1456 4214 1680 4275 minus
1723 4233 1824 4296 gr.

651 4319 820 4383 Item
868 4320 1034 4384 feria
1081 4320 1182 4384 VI
1229 4322 1294 4386 in
1342 4321 1677 4386 dominica
1723 4321 1984 4384 Omnes
2030 4331 2274 4405 gentes
2321 4317 2547 4404 (718)
2613 4339 2737 4401 pro
2782 4319 3092 4402 bipenne,
3161 4319 3452 4393 culte110,
3499 4319 3631 4393 axi,

439 4427 628 4502 celte,
674 4428 969 4494 trebellis
1015 4440 1083 4493 et
1129 4429 1271 4492 aliis
1319 4429 1778 4493 instrumentis
1843 4426 2339 4500 currificalibuS,
2405 4427 2576 4490 datis
2641 4425 3163 4544 Marschalconi
3197 4399 3635 4532 archiuectori

440 4553 756 4597 curruum
803 4535 1132 4621 regalium
1169 4535 1343 4599 VIII
1389 4557 1479 4600 se.
1526 4537 1558 4598 Ι
1606 4545 1818 4619 quart.
3590 4545 3595 4550 “

440 4642 597 4704 item
631 4662 754 4726 pro
783 4643 816 4705 Ι
844 4645 1099 4706 talento
1138 4645 1222 4706 de
1261 4642 1390 4707 filis
1427 4645 1755 4718 coloratiS,
1794 4643 1970 4708 datis
2003 4643 2369 4706 sartoribus
2407 4641 2749 4725 regalibus
2788 4643 2874 4706 ad
2905 4641 3365 4704 consuendum
3400 4634 3511 4703 XI
3541 4641 3639 4723 grss

439 4749 598 4813 item
647 4752 934 4814 sabbato
980 4752 1284 4834 proxime
1331 4751 1639 4834 sequenti
1686 4751 1844 4836 (818)
1909 4771 2032 4833 pro
2080 4749 2398 4833 expensis
2462 4749 2577 4812 dni
2634 4748 3176 4812 vicethezaurarii
3226 4768 3381 4812 cum
3431 4757 3640 4810 sarto-

445 4858 626 4922 ribus
671 4859 1014 4942 regalibus
1051 4860 1124 4922 in
1174 4853 1498 4934 Cracouia
1546 4861 1634 4922 ad
1679 4858 2120 4940 septimanam
2167 4857 2643 4941 precedentem
2692 4856 2725 4918 I
2771 4876 2975 4920 marc.
3022 4855 3124 4918 ΙΙΙ
3172 4876 3271 4938 gr.

443 4965 602 5028 item
650 4966 986 5030 dominica
1030 4967 1338 5049 proxime
1383 4966 1690 5049 sequenti
1756 4967 1914 5052 (918)
1963 4965 2177 5040 nichil,
2244 4966 2365 5028 sed
2428 4964 2593 5027 feria
2636 4965 2709 5028 -ΙΙ
2754 4962 3066 5045 proxima
3113 4957 3413 5046 Tyczoni
3459 4953 3647 5024 dicto

445 5072 600 5148 Bar,
643 5074 979 5157 terrigene
1026 5073 1446 5151 Welunensi,
1495 5093 1699 5156 super
1744 5073 2084 5137 V-'hastas
2129 5072 2350 5136 XXV
2400 5093 2599 5136 marc.
3358 5063 3375 5082 ”
3524 5079 3527 5084 ’

445 5179 604 5244 item
652 5180 870 5245 eidem
919 5183 1005 5245 ad
1053 5183 1312 5246 literam
1364 5183 1478 5246 dni
1526 5181 1748 5264 Regis
1793 5202 1928 5265 pr-o·
1962 5180 2276 5264 expensis
2324 5179 2428 5243 III
2476 5198 2677 5243 mare.
2763 5178 2769 5185 “

443 5288 604 5350 item
651 5287 934 5353 Nicolao
980 5289 1160 5354 dicto
1207 5289 1660 5374 Ptaskowsky
1707 5308 1910 5370 super
1954 5287 2023 5351 ΙΙ
2068 5289 2298 5352 hastas
2344 5287 2419 5350 X
2467 5306 2667 5351 marc.
2728 5373 2735 5380 ι

445 5395 606 5460 item
652 5395 871 5460 eidem
917 5417 1044 5479 pro
1086 5397 1404 5482 expensis
1451 5398 1538 5462 ad
1585 5395 1843 5459 literam
1891 5395 2006 5458 dni
2053 5395 2274 5480 Regis
2322 5395 2389 5458 ΙΙ
2436 5414 2635 5457 marc.

808 5551 1084 5558 ----——-—..—-.

665 5628 702 5695 ¹)
729 5632 916 5681 Zobacz
952 5648 1010 5681 00
1046 5633 1112 5682 do
1149 5631 1403 5697 ponqdku
1440 5629 1648 5680 niedziel
1685 5645 1857 5692 uwage
1896 5645 1959 5677 na
1995 5635 2076 5677 str.
2119 5640 2236 5676 200.

661 5755 954 5799 loun-iente
977 5755 1116 5798 medii
1143 5755 1258 5796 aevi.
1287 5753 1338 5796 T.
1365 5751 1466 5796 XV.
3373 5729 3441 5790 2ss
