4592 6559
1020 489 1144 566 298
1543 500 1919 566 REJESTRA
1969 501 2232 566 sTAcYJ
2282 500 2574 550 DWORU
2622 488 2891 551 KROLA
2938 503 2965 550 1
3014 489 3454 565 RROLOWEJ-
3510 507 3691 568 1405·

1229 700 1400 764 Item
1450 702 1586 764 dno
1631 701 1817 785 Regi
1863 703 1949 765 ad
1997 721 2267 766 cenam:
2318 702 2474 766 item
2526 723 2646 785 pro
2693 702 2985 784 piscibus
3028 703 3407 766 recentibus
3444 702 3848 776 XV1.sc0ti‚
3890 702 4047 765 item
4086 723 4207 784 pro

1015 807 1308 888 piscibus
1351 809 1612 872 salsatis
1657 809 1803 872 XII
1849 810 2031 880 scoti,
2097 811 2255 874 item
2324 830 2445 893 pro
2492 811 2641 872 oleo
2690 809 2789 872 IV
2836 811 3021 882 scoti,
3086 809 3244 872 item
3312 829 3433 890 pro
3480 810 3601 872 IV
3647 810 4021 873 octualibus
4068 831 4207 872 cer-

1017 913 1181 977 uisie
1227 915 1259 978 I
1306 936 1468 980 mar.

1229 1023 1398 1085 Item
1447 1026 1580 1088 dne
1627 1025 1900 1107 Regine
1947 1026 2032 1089 ad
2080 1045 2352 1087 cenam:
2419 1025 2578 1086 item
2642 1045 2765 1107 pro
2828 1025 3119 1106 piscibus
3184 1025 3562 1088 recentibus
3628 1023 3771 1088 XV
3818 1025 4001 1099 scoti,
4038 1025 4205 1088 item

1013 1148 1137 1212 pro
1183 1131 1475 1213 piscibus
1520 1132 1782 1195 salsatis
1847 1131 1956 1195 IX
2021 1132 2203 1206 scoti,
2269 1133 2431 1195 item
2495 1152 2619 1214 pro
2686 1133 2836 1195 oleo
2882 1132 2983 1195 ΙΙΙ
3038 1133 3225 1204 scoti,
3287 1133 3447 1195 item
3512 1153 3636 1215 pro
3683 1133 3785 1194 III
3832 1133 4211 1196 octualibus

1014 1237 1290 1301 ceruisie
1338 1237 1585 1301 XVIII
1632 1239 1816 1302 scoti.

1228 1343 1510 1410 Summa
1555 1345 1732 1409 diete
1777 1345 2025 1409 XVIII
2073 1365 2234 1412 mar.
2279 1345 2315 1408 I
2362 1365 2459 1428 gr.

1229 1453 1399 1516 Item
1446 1451 1610 1516 feria
1656 1454 1722 1516 II
1770 1453 1866 1537 (9s
1869 1455 1928 1532 3)
1977 1455 2113 1516 dno
2159 1453 2347 1536 Regi
2392 1452 2478 1515 ad
2526 1453 2915 1536 prandium:
2979 1454 3140 1517 item
3207 1474 3329 1536 pro
3377 1455 3669 1536 piscibus
3713 1455 4093 1518 recentibus
4140 1455 4209 1519 II

1014 1579 1177 1624 mar.
1223 1559 1381 1622 item
1428 1581 1553 1642 pro
1598 1561 1892 1645 piscibus
1937 1560 2199 1624 salsatis
2262 1559 2445 1622 XIII
2491 1560 2676 1634 scoti,
2742 1561 2901 1624 item
2966 1581 3088 1644 pro
3152 1563 3305 1624 oleo
3350 1561 3453 1624 VI
3499 1562 3684 1635 scoti,
3746 1563 3907 1624 item
3973 1564 4208 1646 pisum,

1014 1667 1305 1742 mileum,
1354 1669 1472 1742 sal,
1518 1668 1644 1732 ista
1688 1669 1990 1752 propria;
2035 1668 2196 1731 item
2243 1667 2435 1750 panis
2480 1668 2675 1732 albus
2712 1667 3059 1752 siligineus
3094 1669 3435 1751 proprius;
3482 1670 3641 1732 item
3682 1689 3805 1751 pro
3843 1669 3945 1732 VI
3982 1683 4209 1734 octua-

1012 1775 1188 1838 libus
1234 1775 1511 1840 ceruisie
1558 1777 1588 1839 Ι
1605 1775 1667 1856 ¹s'2
1725 1795 1886 1840 mar.

1227 1882 1396 1946 Item
1444 1886 1578 1947 dne
1624 1884 1901 1969 Regine
1957 1885 2044 1947 ad
2090 1883 2481 1966 prandium:
2545 1883 2706 1946 item
2772 1903 2894 1966 pro
2958 1884 3251 1966 piscibus
3314 1884 3693 1948 recentibus
3757 1884 3979 1948 XXII
4025 1886 4207 1960 scoti,

1013 1990 1170 2053 item
1219 2011 1340 2073 pro
1386 1989 1680 2074 piscibus
1724 1992 1986 2056 salsatis
2033 1991 2175 2054 XII
2223 1991 2409 2065 scoti,
2455 1992 2614 2053 item
2662 2011 2783 2072 pro
2831 1992 2983 2054 oleo
3029 1990 3131 2052 IV
3178 1991 3345 2055 scoti
3392 1990 3494 2054 VI
3542 1993 3691 2055 den.
3736 1992 3897 2055 item
3946 2013 4067 2074 pro
4104 1993 4206 2056 III

1013 2098 1391 2162 octualibus
1436 2099 1714 2162 ceruisie
1761 2098 2009 2162 XVIII
2057 2099 2242 2162 scoti.

1225 2205 1396 2268 Item
1445 2207 1600 2271 duci
1647 2207 2082 2269 Alexandro:
2131 2205 2290 2268 item
2339 2226 2462 2287 pro
2508 2205 2802 2287 piscibus
2850 2205 3228 2270 recentibus
3273 2206 3346 2269 X
3394 2207 3579 2278 scoti,
3644 2207 3801 2270 item
3848 2227 3973 2288 pro
4018 2208 4207 2290 pisci·

1013 2314 1142 2391 bus
1185 2315 1447 2378 salsatis
1493 2315 1597 2378 III
1642 2314 1828 2389 scoti,
1875 2315 2031 2378 item
2080 2335 2204 2397 pro
2251 2314 2401 2376 oleo
2448 2313 2515 2376 11
2564 2314 2749 2387 scoti,
2806 2314 2963 2378 item
3011 2333 3135 2396 pro
3183 2315 3211 2376 Ι
3262 2315 3506 2377 octuali
3552 2314 3830 2377 ceruisie
3876 2314 3979 2379 VI
4023 2317 4209 2380 scoti.

1227 2422 1398 2485 Item
1447 2423 1600 2485 duci
1647 2421 1964 2485 Bolconi:
2023 2422 2178 2484 item
2246 2441 2371 2503 pro
2417 2421 2709 2503 piscibus
2755 2421 3134 2484 recentibus
3180 2420 3350 2484 VIII
3396 2422 3579 2494 scoti,
3644 2422 3803 2485 item
3848 2443 3973 2504 pro
4018 2423 4209 2505 pisci-

1009 2529 1139 2590 bus
1184 2529 1445 2592 salsatis
1491 2529 1594 2592 IV
1632 2530 1815 2603 scoti,
1861 2530 2020 2592 item
2069 2549 2191 2611 pro
2239 2529 2392 2590 oleo
2430 2528 2532 2591 IV
2570 2528 2753 2608 scoti,
2801 2529 2960 2592 item
3008 2549 3131 2611 pro
3180 2529 3211 2590 I
3258 2529 3505 2592 octuali
3552 2529 3833 2592 ceruisie
3873 2529 3971 2590 VI
4019 2533 4208 2594 scoti.

1223 2636 1393 2699 Item
1443 2635 2025 2700 vicemarsalconi:
2092 2636 2251 2699 item
2308 2656 2431 2719 pro
2479 2636 2773 2718 piscibus
2838 2636 3214 2700 recentibus
3261 2635 3362 2699 IV
3410 2636 3592 2708 scoti,
3639 2637 3798 2700 item
3846 2656 3969 2717 pro
4018 2639 4207 2719 pisci-

1011 2746 1138 2806 bus
1184 2744 1444 2806 salsatis
1489 2743 1556 2807 II
1603 2744 1786 2818 scoti,
1852 2744 2013 2808 item
2061 2764 2184 2825 pro
2241 2744 2392 2805 oleo
2440 2744 2471 2806 I
2518 2753 2681 2807 scot.
2747 2744 2905 2806 item
2953 2763 3075 2826 pro
3137 2743 3198 2822 ιβ,
3256 2743 3503 2806 octuali
3548 2743 3831 2807 ceruisie
3876 2743 3979 2806 111
4024 2746 4209 2808 scoti.

1223 2851 1395 2917 Item
1443 2853 1580 2914 dno
1645 2851 1942 2922 NicolaQ
1996 2849 2578 2916 vicecancellario:
2646 2851 2803 2914 item
2869 2871 2991 2932 pro
3056 2850 3351 2932 piscibus
3412 2850 3793 2914 recentibus
3842 2850 3905 2910 V
3908 2851 3974 2912 ΙΙ
4021 2853 4209 2924 scoti,

1008 2958 1168 3022 item
1216 2979 1338 3042 pro
1384 2959 1678 3041 piscibus
1723 2958 1984 3044 salsatis
2030 2959 2133 3022 III
2179 2959 2365 3032 scoti,
2411 2959 2570 3022 item
2618 2978 2741 3040 pro
2788 2959 2938 3020 oleo
2986 2957 3053 3020 II
3100 2959 3287 3031 scoti,
3330 2957 3489 3020 item
3538 2977 3661 3038 pro
3708 2957 3741 3018 I
3788 2959 4029 3020 octuali
4066 2978 4207 3022 cer·

1009 3067 1171 3138 uisie
1216 3065 1318 3130 VI
1365 3067 1548 3134 scoti.
1739 3145 1744 3150 ἱ

1224 3174 1394 3248 Item
1442 3175 1578 3237 dno
1625 3173 1922 3237 Hinconi
1969 3173 2308 3262 Bohemo:
2374 3173 2531 3236 item
2598 3193 2721 3254 pro
2786 3173 3078 3254 piscibus
3143 3171 3519 3236 recentibus
3569 3172 3741 3234 VIII
3796 3173 3981 3246 scoti,
4043 3174 4206 3238 item

1008 3303 1131 3364 pro
1177 3282 1469 3365 piscibus
1515 3283 1775 3345 salsatis
1820 3281 1922 3344 III
1969 3281 2150 3356 scoti,
2199 3281 2357 3344 item
2406 3298 2529 3362 pro
2575 3281 2727 3343 oleo
2774 3279 2841 3341 II
2887 3281 3072 3355 scoti,
3120 3281 3278 3344 item
3327 3301 3451 3362 pro
3509 3281 3571 3361 '¹1¹2
3632 3281 3879 3343 octuali
3926 3281 4207 3345 ceruisie

1008 3390 1111 3454 III
1141 3391 1340 3460 scoti.

1223 3497 1394 3561 Item
1433 3496 1822 3564 Miclassoni
1857 3495 2180 3579 Vngam:
2228 3497 2388 3558 item
2426 3515 2547 3578 pro
2587 3495 2879 3578 piscibus
2916 3495 3296 3558 recentibus
3336 3493 3435 3556 IV
3474 3495 3658 3568 scoti,
3694 3495 3855 3557 item
3894 3515 4015 3578 pro
4054 3497 4206 3559 oleo

1006 3606 1074 3668 II
1121 3605 1305 3680 scoti,
1352 3605 1509 3668 item
1557 3625 1680 3688 pro
1740 3605 1802 3683 ΙΙ,
1861 3603 2104 3667 octuali
2153 3603 2430 3666 ceruisie
2476 3603 2577 3665 VI
2626 3625 2725 3686 gr.

1220 3713 1392 3776 Item
1442 3711 1782 3777 Ruthenis
1805 3732 1978 3776 ,cum
2029 3711 2173 3774 aliis
2230 3711 2503 3787 Polonis
2568 3733 2771 3793 super
2834 3711 3038 3775 diaria
3100 3711 3435 3792 ipsorum:
3500 3711 3659 3773 item
3724 3731 3849 3791 pro
3912 3711 4205 3792 piscibus

1005 3821 1388 3890 recentibus
1435 3818 1577 3882 XV
1625 3819 1808 3892 scoti,
1857 3819 2012 3882 item
2062 3839 2186 3900 pro
2233 3818 2526 3900 piscibus
2574 3820 2834 3882 salsatis
2881 3819 2953 3880 X
2970 3821 3031 3897 ιβ,
3091 3819 3277 3892 scoti,
3322 3804 3479 3880 item
3523 3838 3645 3900 pro
3692 3819 3842 3880 oleo
3880 3817 3979 3880 IV
4018 3817 4203 3894 scoti,

1006 3928 1165 3990 item
1211 3948 1335 4011 pro
1381 3927 1483 3990 III
1531 3926 1904 3990 octualibus
1949 3925 2228 3988 ceruisie
2275 3925 2525 3988 XVIII
2572 3926 2755 3989 scoti.

1220 4035 1390 4098 Item
1418 4033 1802 4104 ‘falconistis
1865 4033 2269 4114 specialiter:
2335 4034 2495 4096 item
2560 4054 2682 4115 pro
2748 4034 3040 4115 piscibus
3104 4033 3483 4096 recentibus
3548 4053 3701 4096 cum
3750 4033 3895 4096 aliis
3940 4033 4205 4096 salsatis

1007 4143 1116 4204 XI
1133 4143 1194 4222 ¹l2
1253 4143 1434 4217 scoti,
1483 4142 1639 4204 item
1688 4162 1812 4224 pro
1859 4142 2010 4204 oleo
2057 4141 2124 4203 II
2171 4141 2357 4214 scoti,
2402 4141 2562 4203 item
2610 4161 2733 4223 pro
2780 4122 2827 4232 1]
2860 4142 3105 4205 octuali
3152 4141 3428 4204 ceruisie
3476 4140 3576 4202 VI
3624 4141 3807 4203 scoti.

1219 4247 1501 4314 Summa
1546 4250 1724 4336 diete
1770 4248 1914 4311 XII
1963 4269 2124 4312 mar.
2172 4247 2388 4310 XVII
2435 4250 2601 4311 scoti
2650 4249 2794 4312 XII
2840 4251 2989 4312 den.

1220 4356 1388 4420 Item
1437 4355 1600 4420 feria
1646 4355 1747 4419 III
1796 4357 1997 4442 (10s3)
2044 4358 2180 4419 dno
2229 4357 2417 4440 Regi
2466 4358 2551 4418 ad
2597 4357 2985 4437 prandium:
3052 4357 3211 4419 item
3282 4376 3403 4438 prro
3466 4355 3761 4437 piscibus
3825 4355 4202 4418 recentibus

1005 4466 1076 4542 II,
1117 4485 1280 4530 mar.
1329 4464 1396 4527 II
1441 4465 1627 4538 scoti,
1672 4465 1830 4526 item
1877 4485 1999 4546 pro
2047 4464 2341 4546 piscibus
2386 4462 2649 4526 salsatis
2697 4463 2848 4526 XX
2894 4463 3077 4528 scoti
3125 4464 3281 4525 item
3332 4483 3453 4544 pro
3490 4463 3642 4525 oleo
3678 4461 3781 4524 VI
3820 4462 4001 4534 scoti,
4040 4463 4197 4524 item

1004 4573 1239 4655 pisum,
1287 4573 1575 4646 mileum,
1624 4573 1742 4644 sal,
1788 4563 1913 4634 ista
1959 4571 2262 4654 propria;
2311 4573 2467 4634 item
2516 4572 2707 4653 panis
2753 4572 2946 4634 albus
2986 4583 3053 4633 et
3090 4570 3436 4654 siligineus
3481 4569 3823 4652 proprium
3869 4569 4025 4632 item
4074 4589 4199 4652 pro

1003 4680 1106 4742 VI
1153 4681 1526 4744 octualibus
1572 4679 1865 4752 ceruisie,
1913 4679 2258 4763 quodlibet
2304 4680 2568 4742 octuale
2614 4699 2737 4761 per
2782 4677 2884 4740 VI
2930 4688 3090 4740 scot.
3140 4678 3249 4758 ΙΝ,
3310 4697 3481 4741 mar..

1217 4788 1386 4850 Item
1436 4788 1568 4850 dne
1615 4787 1892 4870 Regine
1940 4788 2024 4850 ad
2072 4787 2460 4868 prandium:
2508 4787 2667 4848 item
2714 4806 2837 4869 pro
2883 4786 3176 4867 piscibus
3220 4785 3601 4848 recentibus
3646 4785 3679 4846 I
3716 4804 3879 4848 mat.
3928 4783 4186 4865 X1111J2

1003 4895 1184 4970 scoti,
1233 4895 1395 4958 item
1440 4915 1563 4978 pro
1609 4894 1902 4977 piscibus
1967 4893 2226 4956 salsatis
2273 4893 2453 4956 XIV
2500 4895 2671 4957 scoti
2729 4894 2791 4975 ¹522
2851 4913 2950 4976 gr.
3014 4893 3172 4955 item
3238 4913 3359 4973 pro
3424 4893 3575 4954 oleo
3640 4891 3741 4954 IV
3787 4891 3973 4967 scoti,
4036 4891 4195 4954 item

1001 5004 1239 5084 pisum,
1287 5003 1578 5075 mileum,
1627 5004 1743 5076 531,
1789 5002 1916 5066 ista
1961 5001 2264 5083 propria;
2313 5002 2473 5064 item
2522 5022 2645 5084 pro
2691 5001 2793 5064 III
2840 5000 3218 5063 octualibus
3264 4999 3555 5061 ceruisie?
3590 4998 3840 5062 XVIII
3886 5000 4071 5062 scoti.

1215 5111 1384 5173 Item
1433 5111 1586 5173 duci
1634 5110 2068 5172 Alexandro:
2135 5129 2256 5190 pro
2303 5109 2594 5190 piscibus
2659 5109 3037 5171 recentibus
3081 5107 3339 5188 XVIII¹
3376 5107 3561 5180 scoti,
3626 5107 3785 5169 item
3832 5127 3955 5188 pro
4002 5107 4197 5188 pisci-

1000 5220 1128 5282 bus
1175 5219 1439 5284 salsatis
1484 5217 1587 5280 III
1635 5218 1816 5293 scoti,
1865 5217 2022 5279 item
2073 5237 2197 5298 pro
2243 5217 2396 5279 oleo
2446 5216 2511 5278 ΙΙ
2556 5215 2741 5290 scoti,
2788 5215 2947 5280 item
2994 5235 3117 5296 pro
3165 5214 3196 5276 I
3244 5215 3489 5277 octuali
3536 5212 3814 5278 ceruisie
3862 5213 3965 5276 VI
4010 5214 4193 5276 scoti.

1213 5326 1383 5389 Item
1431 5326 1586 5390 duci
1631 5325 1944 5413 Bolconi:
2010 5326 2169 5388 item
2220 5343 2343 5406 pro
2388 5323 2679 5405 piscibus
2706 5322 3099 5386 recentibus
3148 5322 3249 5396 VI
3294 5322 3478 5396 scoti,
3526 5322 3685 5385 item
3735 5341 3858 5403 pro
3894 5321 4199 5404 piscibus

996 5433 1261 5497 salsatis
1307 5433 1408 5497 III
1455 5433 1638 5508 scoti,
1685 5433 1843 5494 item
1891 5453 2016 5514 pro
2062 5435 2216 5496 oleo
2263 5431 2332 5494 II
2378 5430 2561 5506 scoti,
2610 5430 2769 5493 item
2816 5447 2939 5512 pro
2988 5430 3019 5491 I
3067 5430 3312 5492 octuali
3360 5429 3635 5492 ceruisie
3681 5428 3787 5491 VI
3816 5429 4013 5492 scorti.

1211 5540 1384 5604 Item
1433 5540 1864 5604 marsalconi:
1911 5539 2069 5602 item
2117 5560 2246 5621 pro
2285 5539 2578 5621 piscibus
2624 5537 3002 5601 recentibus
3040 5535 3139 5598 IV
3178 5537 3361 5611 scoti,
3411 5537 3573 5598 item
3609 5555 3731 5618 pro
3769 5537 3919 5599 oleo
3956 5535 3989 5597 Ι
4026 5545 4189 5597 scot.

998 5649 1156 5712 item
1203 5669 1327 5732 pro
1385 5649 1448 5728 ¹l2
1508 5647 1754 5712 octuali
1802 5648 2084 5711 ceruisie
2131 5647 2232 5710 III
2283 5647 2466 5709 scoti.
