4592 6559
964 486 1089 528 220
1737 477 2117 542 REJESTRA
2165 477 2753 528 PODSKARBIEGO
2800 477 3135 527 HINCZKI.
3190 484 3373 543 1395.

956 678 1116 741 item
1165 680 1450 742 sabbato
1515 678 1823 760 proxime
1889 678 2196 761 sequenti
2263 677 2421 762 (ὁρ)
2487 677 2550 739 in
2618 676 2895 740 Boclma
2956 698 3080 760 pro
3145 677 3288 741 XII
3354 676 3557 741 frenis
3620 680 3707 741 ad
3770 679 4153 741 ducendum

959 807 1170 868 equos
1213 787 1482 870 regales
1528 786 1613 849 de
1660 785 1894 868 zuppis
1939 788 2026 849 ad
2073 785 2600 849 conuencionem
2647 785 3018 867 predictam
3065 786 3096 849 I
3146 805 3347 850 marc.

958 873 1116 957 item
1165 892 1228 955 in
1288 890 1547 956 Czchow
1593 913 1717 975 pro
1764 891 1956 955 freno
2003 893 2192 975 equis
2237 902 2589 956 vectorum
2638 903 3124 957 conuentorum
3173 903 3240 956 et
3278 913 3399 974 pro
3446 913 3615 957 cena
3661 892 3959 975 metipsis
4004 913 4155 956 vec-

958 1001 1230 1075 toribuS,
1277 1001 1434 1083 quia
1478 1001 1667 1065 terde
1713 1009 2038 1064 venerant
2085 1002 2171 1063 ad
2218 1000 2761 1064 distribucionem
2808 1001 3036 1083 pabuli
3084 1000 3114 1062 I
3161 999 3302 1062 fert.

957 1109 1114 1172 item
1164 1107 1328 1171 feria
1375 1108 1441 1170 II
1489 1107 1802 1189 proxima
1849 1107 2006 1191 (8s2)
2065 1108 2129 1170 in
2177 1106 2477 1171 Sandecz
2542 1127 2662 1190 pro
2709 1107 2856 1170 XII
2920 1106 3093 1170 vlnis
3159 1107 3290 1169 tele
3356 1108 3563 1170 crude
3629 1107 3716 1170 ad
3779 1108 4153 1189 parandum

957 1238 1192 1281 saccos
1239 1218 1434 1280 datos
1481 1214 1795 1280 comaclu&
1840 1216 2182 1300 regalibus
2229 1215 2450 1294 X111s2
2510 1236 2609 1300 gr.

957 1323 1114 1388 item
1165 1344 1287 1406 pro
1334 1325 1690 1405 paracione
1738 1324 2104 1386 eorundem
2153 1343 2503 1387 saccorum
2551 1323 2583 1385 Ι
2632 1342 2731 1408 gr.

956 1429 1115 1494 item
1163 1430 1326 1494 feria
1372 1431 1476 1493 ΙΙΙ
1523 1432 1834 1513 proxima
1881 1431 2038 1513 (9s2)
2085 1431 2152 1492 in
2198 1428 2498 1494 Sandecz
2544 1432 2678 1493 dno
2726 1429 3119 1492 Micluszoni
3164 1430 3317 1493 duci
3354 1429 3813 1494 Ratiboriensi
3858 1431 3942 1493 ad
3991 1431 4154 1494 rela-

957 1538 1217 1602 cionem
1266 1538 1379 1601 dni
1428 1538 1716 1601 Dimitrii
1763 1539 2157 1601 marschalci
2204 1558 2409 1619 super
2452 1536 2731 1600 sallariis
2776 1534 2983 1618 ipsius
3028 1535 3171 1598 XV
3210 1556 3410 1601 marc.

1171 1645 1456 1710 Summa
1502 1645 1834 1708 XXXVI
1883 1666 2082 1710 mare.
2131 1645 2343 1708 XVII
2360 1645 2422 1726 {³2
2482 1666 2568 1707 se.
2617 1643 2797 1708 XIII
2844 1645 2991 1706 den.

1173 1754 1345 1817 Item
1393 1775 1516 1836 pro
1565 1753 1910 1816 offertorio
1958 1763 2024 1816 et
2071 1754 2480 1835 pauperibus
2526 1754 2663 1815 dno
2728 1751 2915 1836 Regi
2963 1771 3082 1834 per
3129 1771 3370 1814 manus
3416 1751 3843 1822 Hanussonis
3888 1753 4155 1818 cubicu-

956 1862 1098 1925 larii
1145 1861 1220 1924 X
1265 1881 1352 1924 sc.

957 1968 1115 2032 item
1163 1969 1446 2032 Abrahe
1495 1968 1899 2033 cubiculario
1948 1969 2150 2032 misso
2199 1967 2591 2033 Cracouiam
2640 1969 2728 2031 ad
2774 1967 2977 2030 dnam
3026 1966 3391 2050 Reginam,
3438 1986 3559 2048 pro
3606 1968 3924 2049 expensis
3962 1967 4029 2031 II
4066 1990 4155 2033 50.

956 2077 1117 2140 item
1163 2097 1287 2158 pro
1335 2077 1366 2139 Ι
1413 2077 1699 2140 stamine
1757 2077 1962 2158 panni
2028 2075 2488 2159 Zythauiensis
2554 2074 2728 2159 nigri
2776 2075 2861 2138 ad
2908 2072 3441 2137 distribuendum
3504 2073 3698 2138 iuxta
3764 2077 4157 2140 mandatum

957 2184 1071 2248 dni
1120 2184 1343 2269 Regis
1389 2183 1488 2246 IV
1503 2184 1565 2267 Ἲς
1625 2205 1827 2248 marc.

957 2293 1118 2356 item
1167 2292 1550 2356 vectoribus
1597 2293 1712 2355 dni
1760 2293 1983 2377 Regis
2028 2312 2152 2373 pro
2198 2311 2373 2374 pane
2418 2291 2507 2355 ad
2552 2309 2807 2363 cenam,
2873 2287 3031 2371 quia
3094 2289 3287 2370 panis
3350 2288 3510 2371 ipsis
3572 2299 3733 2354 tunc
3780 2291 3977 2354 datus
4024 2312 4157 2354 non

960 2399 1101 2474 fuit,
1148 2400 1182 2463 I
1231 2421 1328 2484 gr.

957 2509 1118 2572 item
1167 2507 1330 2572 feria
1377 2506 1478 2570 IV
1527 2507 1838 2590 proxima
1885 2509 2086 2590 (1os2)
2152 2529 2274 2590 pro
2340 2507 2496 2570 feno
2562 2506 2751 2589 equis
2815 2504 3197 2570 vectoribus
3262 2503 3376 2567 dni
3440 2504 3679 2589 Regis,
3728 2505 3885 2588 quia
3929 2506 4157 2570 fenum

959 2627 1122 2680 tunc
1167 2616 1325 2698 ipsis
1372 2617 1604 2678 datum
1653 2635 1788 2678 non
1837 2615 1973 2689 fuit,
2022 2625 2090 2678 et
2137 2636 2258 2697 pro
2306 2615 2737 2678 straminibus
2782 2615 2907 2676 sub
2956 2632 3168 2694 equos
3214 2611 3323 2676 XI
3373 2631 3473 2696 gr.

957 2724 1116 2786 item
1164 2744 1288 2805 pro
1335 2723 1367 2785 Ι
1414 2723 1662 2786 birreta
1707 2713 1844 2785 dno
1887 2722 2072 2807 Regi
2120 2723 2369 2786 ibidem
2417 2723 2482 2785 in
2530 2719 2831 2785 Sandecz
2876 2728 3103 2802 empta
3149 2718 3287 2782 VII
3330 2738 3420 2782 50.

959 2830 1120 2894 item
1169 2851 1293 2913 pro
1340 2831 1692 2894 ablucione
1739 2829 2156 2903 mensalium,
2221 2829 2647 2893 nastilcarum
2698 2838 2766 2891 et
2812 2825 3335 2890 manuteriorum
3401 2827 3732 2912 regalium
3798 2829 4045 2892 ibidem
4090 2832 4157 2895 in

958 2938 1022 3001 S
1017 2936 1259 3000 andeca
1303 2937 1448 3000 XV
1497 2957 1596 3022 gr.

960 3045 1121 3108 item
1170 3046 1307 3107 dno
1353 3044 1662 3108 Dimitrio
1711 3045 2125 3109 marschalco
2191 3065 2313 3127 pro
2378 3043 2851 3110 distribucione
2916 3040 3419 3105 transeuntibus
3466 3039 3817 3107 Walachis
3860 3045 3926 3108 in
3974 3048 4158 3110 adiu·

962 3151 1206 3214 torium
1255 3152 1308 3215 C
1357 3172 1560 3216 mare.

962 3258 1122 3322 item
1170 3258 1306 3322 VII
1354 3259 1738 3323 vectoribus
1784 3259 1898 3322 dni
1947 3260 2168 3343 Regis
2213 3260 2481 3323 racione
2528 3260 2824 3341 ipsorum
2870 3255 3115 3321 sallarii
3162 3253 3263 3316 IV
3311 3263 3691 3340 temporum
3738 3259 3890 3324 festi
3934 3281 3989 3324 s,
4026 3263 4159 3326 Lu-

962 3366 1061 3429 cie
1110 3366 1388 3450 virginis
1435 3366 1742 3449 proxime
1789 3367 2276 3449 preteritorum,
2325 3369 2551 3430 dando
2599 3367 2868 3431 cuilibet
2914 3387 3035 3449 per
3081 3366 3112 3428 Ι
3160 3363 3305 3440 fert,
3353 3395 3617 3439 summa
3664 3371 3799 3434 VII
3845 3371 3990 3433 fert.

962 3473 1120 3536 item
1170 3474 1663 3538 Marschalconi
1709 3484 1952 3537 octauo
1999 3475 2271 3549 vectori,
2337 3475 2632 3557 ipsorum
2680 3477 2921 3540 seniori
2986 3479 3197 3544 eciam
3262 3483 3527 3548 racione
3574 3481 3674 3545 sui
3722 3479 3967 3543 sallarii
4012 3497 4159 3560 pre-

961 3582 1293 3644 dictorum
1343 3581 1650 3664 Quatuor
1695 3593 2075 3664 temporum
2138 3581 2200 3662 Ἰ,
2259 3603 2460 3646 mare.

1175 3687 1458 3752 Summa
1504 3688 1731 3752 CVIII
1780 3709 1980 3752 marc.
2026 3689 2204 3770 ΙΙΙΙΧ2
2262 3709 2353 3754 50.

1177 3796 1349 3858 Item
1397 3797 1508 3859 IX
1553 3795 1750 3860 sociis
1795 3797 2092 3860 thezauri
2139 3817 2344 3879 super
2389 3799 2671 3874 calceos,
2736 3802 2961 3864 dando
3010 3802 3280 3867 cuilibet
3325 3825 3445 3888 per
3490 3803 3557 3866 V
3606 3826 3703 3889 gr.
3752 3824 4018 3868 summa
4061 3801 4153 3864 fa-

962 3901 1050 3965 cit
1098 3902 1316 3965 XXII
1364 3923 1452 3966 se.
1499 3902 1532 3966 I
1579 3925 1678 3987 gr.

961 4009 1121 4071 item
1144 4010 1436 4089 Johanni
1465 4009 1841 4094 Sprowsky
1871 4013 1957 4074 ad
1985 4012 2384 4075 relacionem
2417 4013 2531 4076 dni
2563 4013 3085 4079 vicecancellarii
3115 4018 3381 4082 racione
3410 4019 3523 4082 dni
3556 4019 3777 4104 Regis
3798 4019 3934 4082 VII
3958 4038 4154 4082 marc,

962 4117 1119 4179 item
1172 4117 1508 4180 Derskoni
1555 4118 1735 4181 dicto
1783 4117 2102 4201 Conopca
2147 4121 2234 4183 ad
2278 4121 2681 4184 relacionem
2730 4122 3029 4187 eiusdem
3076 4124 3191 4188 dni
3237 4126 3765 4192 vicecancellarii
3824 4127 3887 4207 Ἲς
3956 4146 4155 4189 marc.

960 4223 1120 4286 item
1168 4223 1333 4287 feria
1378 4223 1445 4286 V
1493 4219 1806 4307 proxima
1853 4227 2053 4308 (11s2)
2110 4226 2178 4289 in
2223 4225 2525 4290 Sandecz
2588 4229 2925 4293 Paczkoni
2979 4230 3279 4315 podcone
3340 4233 3573 4319 Regio
3620 4234 3705 4298 ad
3754 4253 3995 4298 vocem
4040 4233 4153 4297 dni

961 4331 1183 4415 Regis
1226 4351 1351 4413 pro
1397 4331 1632 4416 caligis
1692 4331 1753 4413 ¹l2
1815 4353 2013 4396 marc.

959 4437 1121 4500 item
1168 4458 1290 4520 pro
1337 4439 1522 4501 XXI
1572 4440 1745 4502 vlnis
1791 4440 1994 4522 panni
2041 4440 2214 4524 nigri
2278 4440 2779 4524 Szythauiensis
2827 4447 2911 4508 ad
2959 4445 3491 4512 distribuendum
3537 4449 3730 4513 iuxta
3775 4449 3889 4513 dni
3937 4449 4153 4533 Regis

961 4545 1401 4620 voluntatem,
1447 4545 1745 4628 quelibet
1791 4547 1950 4610 vlna
1995 4568 2115 4630 per
2161 4545 2262 4610 IV
2310 4569 2398 4612 50.
2448 4569 2714 4614 summa
2758 4550 2915 4615 facit
2960 4552 3140 4634 ΙΙΙῙΙ2
3201 4575 3400 4618 mare.

959 4651 1120 4714 item
1169 4651 1271 4713 IV
1319 4653 1704 4716 vectoribus
1752 4655 2117 4729 conuentis,
2165 4655 2281 4738 qui
2330 4657 2703 4720 necessaria
2767 4678 3001 4722 versus
3045 4659 3347 4725 Sandecz
3391 4664 3477 4726 de
3524 4662 3849 4728 Cracouia
3894 4663 3961 4727 in
4007 4684 4153 4747 pro·

961 4757 1119 4840 priis
1165 4759 1470 4822 curribus
1517 4761 1962 4836 deduxerunt,
2010 4762 2281 4825 cuilibet
2328 4765 2554 4827 dando
2601 4766 2687 4828 ad
2734 4765 3175 4848 septimanam
3222 4789 3346 4852 per
3382 4771 3414 4833 I
3454 4791 3653 4834 marc.
3690 4791 3958 4835 summa
4001 4770 4155 4834 facit

960 4866 1063 4927 IV
1110 4886 1310 4930 marc,

960 4974 1118 5036 item
1166 4972 1329 5037 feria
1375 4975 1476 5038 VI
1525 4975 1832 5056 proxime
1879 4976 2186 5058 sequenti
2233 4977 2437 5059 (12l2)
2484 4978 2550 5041 in
2598 4978 2897 5044 Sandecz
2943 5001 3064 5063 pro
3112 4982 3285 5046 VIII
3332 4984 3565 5048 mediis
3611 4986 3988 5049 octualibus
4031 4987 4153 5072 lig-

961 5081 1103 5144 neis
1150 5081 1235 5144 ad
1283 5080 1767 5146 infundendum
1817 5081 2048 5146 vinum
2097 5087 2182 5147 de
2229 5083 2408 5148 cuffa
2452 5085 2715 5149 iniciata
2762 5087 2847 5150 ad
2896 5088 3073 5151 viam
3123 5091 3259 5153 dno
3308 5091 3493 5175 Regi
3540 5091 3711 5155 VIII
3760 5113 3848 5156 50.

959 5188 1119 5250 item
1165 5209 1289 5270 pro
1335 5188 1818 5254 reformacione
1865 5189 2045 5264 ciste,
2093 5189 2159 5253 in
2222 5212 2358 5273 qua
2404 5193 2805 5256 vestimenta
2851 5196 3105 5280 regalia
3169 5208 3524 5263 seruantur
3568 5198 3815 5263 ibidem
3864 5199 3932 5263 in
3978 5200 4151 5264 San-

962 5293 1106 5358 decz
1152 5296 1183 5357 I
1232 5316 1320 5360 se.

1174 5401 1458 5468 Summa
1502 5403 1681 5468 XVI
1729 5424 1930 5468 mare.
1978 5405 2164 5468 XIX
2210 5426 2301 5469 50.
2347 5406 2378 5468 Ι
2427 5427 2525 5490 gr.

1173 5511 1342 5573 Item
1374 5532 1498 5593 pro
1527 5512 1844 5593 expensis
1891 5512 2152 5576 cuidam
2195 5515 2477 5576 nunccio
2516 5515 2721 5578 misso
2760 5517 3151 5580 Cracouiam
3191 5539 3312 5600 pro
3344 5520 3695 5604 yaxamito
3731 5522 3797 5585 in
3836 5523 4151 5588 thezauro

957 5618 1151 5702 regio
1199 5618 1262 5680 in
1315 5618 1657 5692 Cracouia,
1704 5640 1824 5701 pro
1873 5621 2044 5683 duce
2095 5619 2401 5685 Witoldo
2449 5623 2829 5707 recipiendo
2877 5625 2979 5688 III
3025 5647 3111 5692 sc.
