<?xml version="1.0" encoding="UTF-8"?>
<!DOCTYPE html PUBLIC "-//W3C//DTD XHTML 1.0 Transitional//EN"
    "http://www.w3.org/TR/xhtml1/DTD/xhtml1-transitional.dtd">
<html xmlns="http://www.w3.org/1999/xhtml" xml:lang="en" lang="en">
 <head>
  <title>
</title>
<meta http-equiv="Content-Type" content="text/html;charset=utf-8" />
  <meta name='ocr-system' content='tesseract 3.04.00' />
  <meta name='ocr-capabilities' content='ocr_page ocr_carea ocr_par ocr_line ocrx_word'/>
</head>
<body>
  <div class='ocr_page' id='page_1' title='image "./rachunkidworukr00unkngoog_0540.png"; bbox 0 0 4592 6559; ppageno 0'>
   <div class='ocr_carea' id='block_1_1' title="bbox 950 429 3616 540">
    <p class='ocr_par' dir='ltr' id='par_1_1' title="bbox 950 429 3616 540">
     <span class='ocr_line' id='line_1_1' title="bbox 950 429 3616 540; baseline 0.002 -24"><span class='ocrx_word' id='word_1_1' title='bbox 950 467 1329 534; x_wconf 75' lang='lat' dir='ltr'>REJESTRA</span> <span class='ocrx_word' id='word_1_2' title='bbox 1378 468 1643 534; x_wconf 68' lang='lat' dir='ltr'>s&#39;rAch</span> <span class='ocrx_word' id='word_1_3' title='bbox 1690 469 1981 520; x_wconf 67' lang='lat' dir='ltr'>Dwonu</span> <span class='ocrx_word' id='word_1_4' title='bbox 2028 458 2297 520; x_wconf 79' lang='lat' dir='ltr'>KROLA</span> <span class='ocrx_word' id='word_1_5' title='bbox 2344 471 2372 520; x_wconf 85' lang='lat'>1</span> <span class='ocrx_word' id='word_1_6' title='bbox 2420 458 2856 536; x_wconf 80' lang='lat' dir='ltr'>KROLOWEJ.</span> <span class='ocrx_word' id='word_1_7' title='bbox 2915 429 3096 539; x_wconf 52' lang='lat'>14’17.</span> <span class='ocrx_word' id='word_1_8' title='bbox 3493 481 3616 540; x_wconf 82' lang='lat'>515</span> 
     </span>
    </p>
   </div>
   <div class='ocr_carea' id='block_1_2' title="bbox 425 665 3623 839">
    <p class='ocr_par' dir='ltr' id='par_1_2' title="bbox 425 665 3623 839">
     <span class='ocr_line' id='line_1_2' title="bbox 640 665 3623 757; baseline 0.003 -29"><span class='ocrx_word' id='word_1_9' title='bbox 640 665 1245 731; x_wconf 76' lang='lat' dir='ltr'>vicecancellario:</span> <span class='ocrx_word' id='word_1_10' title='bbox 1308 667 1465 732; x_wconf 87' lang='lat' dir='ltr'>item</span> <span class='ocrx_word' id='word_1_11' title='bbox 1532 689 1655 751; x_wconf 90' lang='lat' dir='ltr'>pro</span> <span class='ocrx_word' id='word_1_12' title='bbox 1718 670 2011 752; x_wconf 88' lang='lat' dir='ltr'>piscibus</span> <span class='ocrx_word' id='word_1_13' title='bbox 2058 670 2159 732; x_wconf 94' lang='lat' dir='ltr'>VI</span> <span class='ocrx_word' id='word_1_14' title='bbox 2219 692 2310 734; x_wconf 90' lang='lat' dir='ltr'>sc.</span> <span class='ocrx_word' id='word_1_15' title='bbox 2375 671 2532 734; x_wconf 88' lang='lat' dir='ltr'>item</span> <span class='ocrx_word' id='word_1_16' title='bbox 2599 693 2724 754; x_wconf 90' lang='lat' dir='ltr'>pro</span> <span class='ocrx_word' id='word_1_17' title='bbox 2787 669 2944 736; x_wconf 88' lang='lat' dir='ltr'>oleo</span> <span class='ocrx_word' id='word_1_18' title='bbox 3004 674 3072 736; x_wconf 94' lang='lat' dir='ltr'>II</span> <span class='ocrx_word' id='word_1_19' title='bbox 3120 693 3208 736; x_wconf 91' lang='grc'>50.</span> <span class='ocrx_word' id='word_1_20' title='bbox 3274 674 3434 736; x_wconf 88' lang='lat' dir='ltr'>item</span> <span class='ocrx_word' id='word_1_21' title='bbox 3501 695 3623 757; x_wconf 88' lang='lat' dir='ltr'>pro</span> 
     </span>
     <span class='ocr_line' id='line_1_3' title="bbox 425 773 1319 839; baseline 0.003 -3"><span class='ocrx_word' id='word_1_22' title='bbox 425 773 671 838; x_wconf 84' lang='lat' dir='ltr'>octuali</span> <span class='ocrx_word' id='word_1_23' title='bbox 715 774 993 838; x_wconf 89' lang='lat' dir='ltr'>ceruisie</span> <span class='ocrx_word' id='word_1_24' title='bbox 1038 775 1184 838; x_wconf 90' lang='lat' dir='ltr'>XII</span> <span class='ocrx_word' id='word_1_25' title='bbox 1228 795 1319 839; x_wconf 81' lang='lat' dir='ltr'>sc,</span> 
     </span>
    </p>
   </div>
   <div class='ocr_carea' id='block_1_3' title="bbox 423 880 3626 1716">
    <p class='ocr_par' dir='ltr' id='par_1_3' title="bbox 424 880 3622 1070">
     <span class='ocr_line' id='line_1_4' title="bbox 639 880 3622 970; baseline 0.002 -26"><span class='ocrx_word' id='word_1_26' title='bbox 639 880 1142 965; x_wconf 84' lang='lat' dir='ltr'>Medyolansky</span> <span class='ocrx_word' id='word_1_27' title='bbox 1200 903 1353 946; x_wconf 90' lang='lat' dir='ltr'>cum</span> <span class='ocrx_word' id='word_1_28' title='bbox 1402 885 1862 947; x_wconf 86' lang='lat' dir='ltr'>thezaurariis:</span> <span class='ocrx_word' id='word_1_29' title='bbox 1926 885 2085 949; x_wconf 89' lang='lat' dir='ltr'>item</span> <span class='ocrx_word' id='word_1_30' title='bbox 2154 905 2274 967; x_wconf 88' lang='lat' dir='ltr'>pro</span> <span class='ocrx_word' id='word_1_31' title='bbox 2341 885 2632 968; x_wconf 86' lang='lat' dir='ltr'>piscibus</span> <span class='ocrx_word' id='word_1_32' title='bbox 2678 885 2780 949; x_wconf 91' lang='lat' dir='ltr'>VI</span> <span class='ocrx_word' id='word_1_33' title='bbox 2825 906 2915 950; x_wconf 78' lang='lat' dir='ltr'>sc,</span> <span class='ocrx_word' id='word_1_34' title='bbox 2981 887 3140 950; x_wconf 89' lang='lat' dir='ltr'>item</span> <span class='ocrx_word' id='word_1_35' title='bbox 3187 907 3311 970; x_wconf 86' lang='lat' dir='ltr'>pro</span> <span class='ocrx_word' id='word_1_36' title='bbox 3358 889 3508 951; x_wconf 89' lang='lat' dir='ltr'>oleo</span> <span class='ocrx_word' id='word_1_37' title='bbox 3556 889 3622 951; x_wconf 94' lang='lat' dir='ltr'>II</span> 
     </span>
     <span class='ocr_line' id='line_1_5' title="bbox 424 988 1831 1070; baseline 0.002 -18"><span class='ocrx_word' id='word_1_38' title='bbox 424 1008 513 1052; x_wconf 85' lang='lat' dir='ltr'>sc.</span> <span class='ocrx_word' id='word_1_39' title='bbox 559 988 719 1051; x_wconf 89' lang='lat' dir='ltr'>item</span> <span class='ocrx_word' id='word_1_40' title='bbox 766 1007 889 1070; x_wconf 87' lang='lat' dir='ltr'>pro</span> <span class='ocrx_word' id='word_1_41' title='bbox 936 990 1180 1054; x_wconf 85' lang='lat' dir='ltr'>octuali</span> <span class='ocrx_word' id='word_1_42' title='bbox 1227 991 1503 1054; x_wconf 87' lang='lat' dir='ltr'>ceruisie</span> <span class='ocrx_word' id='word_1_43' title='bbox 1550 991 1694 1054; x_wconf 89' lang='lat' dir='ltr'>XII</span> <span class='ocrx_word' id='word_1_44' title='bbox 1740 1012 1831 1056; x_wconf 91' lang='grc'>50.</span> 
     </span>
    </p>

    <p class='ocr_par' dir='ltr' id='par_1_4' title="bbox 425 1093 3623 1286">
     <span class='ocr_line' id='line_1_6' title="bbox 638 1093 3623 1184; baseline 0.002 -26"><span class='ocrx_word' id='word_1_45' title='bbox 638 1095 796 1159; x_wconf 90' lang='lat' dir='ltr'>Dno</span> <span class='ocrx_word' id='word_1_46' title='bbox 843 1093 1179 1178; x_wconf 89' lang='lat' dir='ltr'>Sbysconi</span> <span class='ocrx_word' id='word_1_47' title='bbox 1244 1099 1783 1179; x_wconf 81' lang='lat' dir='ltr'>prothonotario:</span> <span class='ocrx_word' id='word_1_48' title='bbox 1848 1099 2009 1162; x_wconf 88' lang='lat' dir='ltr'>item</span> <span class='ocrx_word' id='word_1_49' title='bbox 2056 1119 2178 1181; x_wconf 92' lang='lat' dir='ltr'>pro</span> <span class='ocrx_word' id='word_1_50' title='bbox 2224 1099 2519 1182; x_wconf 90' lang='lat' dir='ltr'>piscibus</span> <span class='ocrx_word' id='word_1_51' title='bbox 2565 1100 2948 1164; x_wconf 85' lang='lat' dir='ltr'><strong>recentibus</strong></span> <span class='ocrx_word' id='word_1_52' title='bbox 2995 1099 3096 1163; x_wconf 95' lang='lat' dir='ltr'>VI</span> <span class='ocrx_word' id='word_1_53' title='bbox 3143 1121 3232 1164; x_wconf 89' lang='lat' dir='ltr'>se.</span> <span class='ocrx_word' id='word_1_54' title='bbox 3295 1102 3454 1164; x_wconf 90' lang='lat' dir='ltr'>item</span> <span class='ocrx_word' id='word_1_55' title='bbox 3501 1123 3623 1184; x_wconf 87' lang='lat' dir='ltr'>pro</span> 
     </span>
     <span class='ocr_line' id='line_1_7' title="bbox 425 1201 2155 1286; baseline 0.002 -19"><span class='ocrx_word' id='word_1_56' title='bbox 425 1203 578 1267; x_wconf 90' lang='lat' dir='ltr'>oleo</span> <span class='ocrx_word' id='word_1_57' title='bbox 624 1203 693 1266; x_wconf 88' lang='lat' dir='ltr'><strong>H</strong></span> <span class='ocrx_word' id='word_1_58' title='bbox 738 1222 829 1267; x_wconf 87' lang='lat' dir='ltr'>se.</span> <span class='ocrx_word' id='word_1_59' title='bbox 875 1201 1036 1266; x_wconf 87' lang='lat' dir='ltr'>item</span> <span class='ocrx_word' id='word_1_60' title='bbox 1082 1223 1207 1286; x_wconf 90' lang='lat' dir='ltr'>pro</span> <span class='ocrx_word' id='word_1_61' title='bbox 1254 1205 1500 1267; x_wconf 86' lang='lat' dir='ltr'>octuali</span> <span class='ocrx_word' id='word_1_62' title='bbox 1547 1206 1825 1270; x_wconf 89' lang='lat' dir='ltr'>ceruisie</span> <span class='ocrx_word' id='word_1_63' title='bbox 1874 1206 2018 1269; x_wconf 89' lang='lat' dir='ltr'>XII</span> <span class='ocrx_word' id='word_1_64' title='bbox 2064 1227 2155 1270; x_wconf 89' lang='grc'>50.</span> 
     </span>
    </p>

    <p class='ocr_par' dir='ltr' id='par_1_5' title="bbox 423 1309 3624 1501">
     <span class='ocr_line' id='line_1_8' title="bbox 639 1309 3624 1397; baseline 0.002 -24"><span class='ocrx_word' id='word_1_65' title='bbox 639 1310 800 1374; x_wconf 89' lang='lat' dir='ltr'>Dno</span> <span class='ocrx_word' id='word_1_66' title='bbox 846 1309 1147 1374; x_wconf 78' lang='lat' dir='ltr'>Hem-ico</span> <span class='ocrx_word' id='word_1_67' title='bbox 1192 1313 1277 1375; x_wconf 90' lang='lat' dir='ltr'>de</span> <span class='ocrx_word' id='word_1_68' title='bbox 1324 1311 1569 1396; x_wconf 80' lang='lat' dir='ltr'>Rogow</span> <span class='ocrx_word' id='word_1_69' title='bbox 1590 1336 1614 1374; x_wconf 94' lang='grc'>.·</span> <span class='ocrx_word' id='word_1_70' title='bbox 1659 1313 1819 1376; x_wconf 89' lang='lat' dir='ltr'>item</span> <span class='ocrx_word' id='word_1_71' title='bbox 1866 1333 1989 1396; x_wconf 91' lang='lat' dir='ltr'>pro</span> <span class='ocrx_word' id='word_1_72' title='bbox 2036 1313 2329 1396; x_wconf 86' lang='lat' dir='ltr'>piscibus</span> <span class='ocrx_word' id='word_1_73' title='bbox 2375 1315 2758 1378; x_wconf 82' lang='lat' dir='ltr'><strong>recentibus</strong></span> <span class='ocrx_word' id='word_1_74' title='bbox 2804 1315 2906 1378; x_wconf 90' lang='lat' dir='ltr'>VI</span> <span class='ocrx_word' id='word_1_75' title='bbox 2953 1335 3041 1378; x_wconf 91' lang='lat' dir='ltr'>sc.</span> <span class='ocrx_word' id='word_1_76' title='bbox 3090 1315 3252 1378; x_wconf 88' lang='lat' dir='ltr'>item</span> <span class='ocrx_word' id='word_1_77' title='bbox 3301 1335 3424 1397; x_wconf 85' lang='lat' dir='ltr'>pro</span> <span class='ocrx_word' id='word_1_78' title='bbox 3471 1317 3624 1379; x_wconf 94' lang='lat' dir='ltr'>oleo</span> 
     </span>
     <span class='ocr_line' id='line_1_9' title="bbox 423 1418 1942 1501; baseline 0.003 -21"><span class='ocrx_word' id='word_1_79' title='bbox 423 1419 492 1481; x_wconf 94' lang='lat' dir='ltr'>II</span> <span class='ocrx_word' id='word_1_80' title='bbox 538 1439 629 1483; x_wconf 89' lang='grc'>50.</span> <span class='ocrx_word' id='word_1_81' title='bbox 674 1418 831 1481; x_wconf 89' lang='lat' dir='ltr'>item</span> <span class='ocrx_word' id='word_1_82' title='bbox 879 1438 1002 1501; x_wconf 90' lang='lat' dir='ltr'>pro</span> <span class='ocrx_word' id='word_1_83' title='bbox 1048 1418 1292 1483; x_wconf 82' lang='lat' dir='ltr'>octuali</span> <span class='ocrx_word' id='word_1_84' title='bbox 1336 1420 1615 1483; x_wconf 88' lang='lat' dir='ltr'>ceruisie</span> <span class='ocrx_word' id='word_1_85' title='bbox 1660 1419 1807 1484; x_wconf 88' lang='lat' dir='ltr'>XII</span> <span class='ocrx_word' id='word_1_86' title='bbox 1853 1441 1942 1484; x_wconf 88' lang='lat' dir='ltr'>sc.</span> 
     </span>
    </p>

    <p class='ocr_par' dir='ltr' id='par_1_6' title="bbox 426 1525 3626 1716">
     <span class='ocr_line' id='line_1_10' title="bbox 639 1525 3626 1612; baseline 0.001 -23"><span class='ocrx_word' id='word_1_87' title='bbox 639 1526 799 1589; x_wconf 90' lang='lat' dir='ltr'>Dno</span> <span class='ocrx_word' id='word_1_88' title='bbox 846 1525 1169 1589; x_wconf 84' lang='lat' dir='ltr'>Wladoni</span> <span class='ocrx_word' id='word_1_89' title='bbox 1234 1528 1318 1589; x_wconf 92' lang='lat' dir='ltr'>de</span> <span class='ocrx_word' id='word_1_90' title='bbox 1365 1526 1726 1590; x_wconf 84' lang='lat' dir='ltr'>Valachia:</span> <span class='ocrx_word' id='word_1_91' title='bbox 1789 1527 1950 1592; x_wconf 87' lang='lat' dir='ltr'>item</span> <span class='ocrx_word' id='word_1_92' title='bbox 2016 1549 2139 1611; x_wconf 87' lang='lat' dir='ltr'>pro</span> <span class='ocrx_word' id='word_1_93' title='bbox 2204 1529 2496 1612; x_wconf 85' lang='lat' dir='ltr'>piscibus</span> <span class='ocrx_word' id='word_1_94' title='bbox 2559 1530 2942 1593; x_wconf 83' lang='lat' dir='ltr'>recentibus</span> <span class='ocrx_word' id='word_1_95' title='bbox 2988 1529 3089 1592; x_wconf 93' lang='lat' dir='ltr'>VI</span> <span class='ocrx_word' id='word_1_96' title='bbox 3136 1551 3226 1594; x_wconf 92' lang='lat' dir='ltr'>sc.</span> <span class='ocrx_word' id='word_1_97' title='bbox 3290 1530 3454 1592; x_wconf 87' lang='lat' dir='ltr'>item</span> <span class='ocrx_word' id='word_1_98' title='bbox 3499 1549 3626 1612; x_wconf 90' lang='lat' dir='ltr'>pro</span> 
     </span>
     <span class='ocr_line' id='line_1_11' title="bbox 426 1624 3264 1716; baseline 0.001 -18"><span class='ocrx_word' id='word_1_99' title='bbox 426 1636 581 1698; x_wconf 87' lang='lat' dir='ltr'>oleo</span> <span class='ocrx_word' id='word_1_100' title='bbox 624 1633 695 1697; x_wconf 95' lang='lat' dir='ltr'>II</span> <span class='ocrx_word' id='word_1_101' title='bbox 738 1653 831 1697; x_wconf 90' lang='grc'>50.</span> <span class='ocrx_word' id='word_1_102' title='bbox 878 1632 1037 1696; x_wconf 87' lang='lat' dir='ltr'>item</span> <span class='ocrx_word' id='word_1_103' title='bbox 1086 1653 1209 1716; x_wconf 90' lang='lat' dir='ltr'>pro</span> <span class='ocrx_word' id='word_1_104' title='bbox 1256 1634 1503 1698; x_wconf 84' lang='lat' dir='ltr'>octuali</span> <span class='ocrx_word' id='word_1_105' title='bbox 1548 1635 1828 1699; x_wconf 86' lang='lat' dir='ltr'>ceruisie</span> <span class='ocrx_word' id='word_1_106' title='bbox 1874 1637 2019 1699; x_wconf 87' lang='lat' dir='ltr'>XII</span> <span class='ocrx_word' id='word_1_107' title='bbox 2065 1656 2154 1700; x_wconf 91' lang='grc'>50.</span> <span class='ocrx_word' id='word_1_108' title='bbox 3259 1624 3264 1628; x_wconf 43' lang='grc'>’</span> 
     </span>
    </p>
   </div>
   <div class='ocr_carea' id='block_1_4' title="bbox 424 1741 3627 1914">
    <p class='ocr_par' dir='ltr' id='par_1_7' title="bbox 424 1741 3627 1914">
     <span class='ocr_line' id='line_1_12' title="bbox 639 1741 3627 1827; baseline 0.001 -23"><span class='ocrx_word' id='word_1_109' title='bbox 639 1741 897 1804; x_wconf 84' lang='lat' dir='ltr'>Mathie</span> <span class='ocrx_word' id='word_1_110' title='bbox 961 1741 1302 1804; x_wconf 91' lang='lat' dir='ltr'>Bohemo:</span> <span class='ocrx_word' id='word_1_111' title='bbox 1366 1741 1527 1805; x_wconf 89' lang='lat' dir='ltr'>item</span> <span class='ocrx_word' id='word_1_112' title='bbox 1590 1763 1714 1825; x_wconf 92' lang='lat' dir='ltr'>pro</span> <span class='ocrx_word' id='word_1_113' title='bbox 1779 1743 2071 1826; x_wconf 90' lang='lat' dir='ltr'>piscibus</span> <span class='ocrx_word' id='word_1_114' title='bbox 2118 1743 2218 1807; x_wconf 93' lang='lat' dir='ltr'>VI</span> <span class='ocrx_word' id='word_1_115' title='bbox 2263 1765 2354 1809; x_wconf 90' lang='grc'>50.</span> <span class='ocrx_word' id='word_1_116' title='bbox 2417 1745 2576 1808; x_wconf 88' lang='lat' dir='ltr'>item</span> <span class='ocrx_word' id='word_1_117' title='bbox 2641 1764 2766 1827; x_wconf 90' lang='lat' dir='ltr'>pro</span> <span class='ocrx_word' id='word_1_118' title='bbox 2833 1745 2985 1807; x_wconf 93' lang='lat' dir='ltr'>oleo</span> <span class='ocrx_word' id='word_1_119' title='bbox 3030 1743 3098 1807; x_wconf 92' lang='lat' dir='ltr'>II</span> <span class='ocrx_word' id='word_1_120' title='bbox 3144 1765 3234 1807; x_wconf 92' lang='grc'>50.</span> <span class='ocrx_word' id='word_1_121' title='bbox 3297 1745 3456 1807; x_wconf 87' lang='lat' dir='ltr'>item</span> <span class='ocrx_word' id='word_1_122' title='bbox 3503 1763 3627 1826; x_wconf 90' lang='lat' dir='ltr'>pro</span> 
     </span>
     <span class='ocr_line' id='line_1_13' title="bbox 424 1848 1321 1914; baseline -0.002 -1"><span class='ocrx_word' id='word_1_123' title='bbox 424 1849 673 1914; x_wconf 86' lang='lat' dir='ltr'>octuali</span> <span class='ocrx_word' id='word_1_124' title='bbox 718 1848 995 1912; x_wconf 88' lang='lat' dir='ltr'>ceruisie</span> <span class='ocrx_word' id='word_1_125' title='bbox 1040 1848 1187 1912; x_wconf 91' lang='lat' dir='ltr'>XII</span> <span class='ocrx_word' id='word_1_126' title='bbox 1232 1868 1321 1912; x_wconf 91' lang='lat' dir='ltr'>sc.</span> 
     </span>
    </p>
   </div>
   <div class='ocr_carea' id='block_1_5' title="bbox 426 1955 3628 2128">
    <p class='ocr_par' dir='ltr' id='par_1_8' title="bbox 426 1955 3628 2128">
     <span class='ocr_line' id='line_1_14' title="bbox 639 1955 3628 2041; baseline 0.001 -23"><span class='ocrx_word' id='word_1_127' title='bbox 639 1955 817 2019; x_wconf 87' lang='lat' dir='ltr'>Duci</span> <span class='ocrx_word' id='word_1_128' title='bbox 861 1955 1217 2020; x_wconf 88' lang='lat' dir='ltr'>Romano:</span> <span class='ocrx_word' id='word_1_129' title='bbox 1263 1956 1423 2019; x_wconf 89' lang='lat' dir='ltr'>item</span> <span class='ocrx_word' id='word_1_130' title='bbox 1469 1975 1593 2038; x_wconf 88' lang='lat' dir='ltr'>pro</span> <span class='ocrx_word' id='word_1_131' title='bbox 1630 1956 1921 2040; x_wconf 89' lang='lat' dir='ltr'>piscibus</span> <span class='ocrx_word' id='word_1_132' title='bbox 1959 1956 2062 2020; x_wconf 92' lang='lat' dir='ltr'>III</span> <span class='ocrx_word' id='word_1_133' title='bbox 2100 1977 2189 2021; x_wconf 82' lang='lat' dir='ltr'>sc.</span> <span class='ocrx_word' id='word_1_134' title='bbox 2238 1958 2397 2021; x_wconf 88' lang='lat' dir='ltr'>item</span> <span class='ocrx_word' id='word_1_135' title='bbox 2445 1977 2568 2040; x_wconf 85' lang='lat' dir='ltr'>pro</span> <span class='ocrx_word' id='word_1_136' title='bbox 2606 1959 2756 2022; x_wconf 91' lang='lat' dir='ltr'>oleo</span> <span class='ocrx_word' id='word_1_137' title='bbox 2794 1957 2826 2020; x_wconf 96' lang='lat' dir='ltr'>I</span> <span class='ocrx_word' id='word_1_138' title='bbox 2864 1978 2954 2022; x_wconf 89' lang='grc'>50.</span> <span class='ocrx_word' id='word_1_139' title='bbox 3001 1957 3161 2022; x_wconf 87' lang='lat' dir='ltr'>item</span> <span class='ocrx_word' id='word_1_140' title='bbox 3211 1979 3336 2041; x_wconf 89' lang='lat' dir='ltr'>pro</span> <span class='ocrx_word' id='word_1_141' title='bbox 3383 1959 3628 2022; x_wconf 85' lang='lat' dir='ltr'>octuali</span> 
     </span>
     <span class='ocr_line' id='line_1_15' title="bbox 426 2063 1031 2128; baseline -0.003 0"><span class='ocrx_word' id='word_1_142' title='bbox 426 2063 705 2128; x_wconf 88' lang='lat' dir='ltr'>ceruisie</span> <span class='ocrx_word' id='word_1_143' title='bbox 749 2063 896 2126; x_wconf 91' lang='lat' dir='ltr'>XII</span> <span class='ocrx_word' id='word_1_144' title='bbox 940 2081 1031 2126; x_wconf 91' lang='lat' dir='ltr'>sc.</span> 
     </span>
    </p>
   </div>
   <div class='ocr_carea' id='block_1_6' title="bbox 422 2169 3617 2342">
    <p class='ocr_par' dir='ltr' id='par_1_9' title="bbox 422 2169 3617 2342">
     <span class='ocr_line' id='line_1_16' title="bbox 637 2169 3617 2272; baseline 0.001 -38"><span class='ocrx_word' id='word_1_145' title='bbox 637 2171 813 2234; x_wconf 90' lang='lat' dir='ltr'>Duci</span> <span class='ocrx_word' id='word_1_146' title='bbox 866 2169 1292 2253; x_wconf 86' lang='lat' dir='ltr'>Waszyloni:</span> <span class='ocrx_word' id='word_1_147' title='bbox 1354 2171 1516 2234; x_wconf 87' lang='lat' dir='ltr'>item</span> <span class='ocrx_word' id='word_1_148' title='bbox 1562 2191 1685 2254; x_wconf 88' lang='lat' dir='ltr'>pro</span> <span class='ocrx_word' id='word_1_149' title='bbox 1733 2172 2025 2254; x_wconf 89' lang='lat' dir='ltr'>piscibus</span> <span class='ocrx_word' id='word_1_150' title='bbox 2071 2173 2173 2235; x_wconf 95' lang='lat' dir='ltr'>III</span> <span class='ocrx_word' id='word_1_151' title='bbox 2222 2193 2310 2236; x_wconf 85' lang='grc'>50.</span> <span class='ocrx_word' id='word_1_152' title='bbox 2358 2173 2518 2236; x_wconf 89' lang='lat' dir='ltr'>item</span> <span class='ocrx_word' id='word_1_153' title='bbox 2568 2193 2690 2256; x_wconf 86' lang='lat' dir='ltr'>pro</span> <span class='ocrx_word' id='word_1_154' title='bbox 2735 2174 2888 2236; x_wconf 92' lang='lat' dir='ltr'>oleo</span> <span class='ocrx_word' id='word_1_155' title='bbox 2935 2174 2968 2236; x_wconf 99' lang='grc' dir='ltr'>Ι</span> <span class='ocrx_word' id='word_1_156' title='bbox 2993 2193 3103 2272; x_wconf 67' lang='lat' dir='ltr'>⁸sc.</span> <span class='ocrx_word' id='word_1_157' title='bbox 3167 2172 3325 2236; x_wconf 88' lang='lat' dir='ltr'>item</span> <span class='ocrx_word' id='word_1_158' title='bbox 3371 2193 3494 2254; x_wconf 76' lang='lat' dir='ltr'>pro</span> <span class='ocrx_word' id='word_1_159' title='bbox 3553 2173 3617 2256; x_wconf 67' lang='grc' dir='ltr'>1Ι,</span> 
     </span>
     <span class='ocr_line' id='line_1_17' title="bbox 422 2277 1271 2342; baseline 0 0"><span class='ocrx_word' id='word_1_160' title='bbox 422 2279 669 2342; x_wconf 83' lang='lat' dir='ltr'>octuali</span> <span class='ocrx_word' id='word_1_161' title='bbox 712 2277 988 2342; x_wconf 86' lang='lat' dir='ltr'>ceruisie</span> <span class='ocrx_word' id='word_1_162' title='bbox 1035 2277 1135 2340; x_wconf 92' lang='lat' dir='ltr'>VI</span> <span class='ocrx_word' id='word_1_163' title='bbox 1180 2297 1271 2342; x_wconf 89' lang='lat' dir='ltr'>sc.</span> 
     </span>
    </p>
   </div>
   <div class='ocr_carea' id='block_1_7' title="bbox 423 2386 3637 5590">
    <p class='ocr_par' dir='ltr' id='par_1_10' title="bbox 423 2386 3630 2578">
     <span class='ocr_line' id='line_1_18' title="bbox 640 2386 3630 2470; baseline 0 -20"><span class='ocrx_word' id='word_1_164' title='bbox 640 2386 933 2450; x_wconf 87' lang='lat' dir='ltr'>Notariis</span> <span class='ocrx_word' id='word_1_165' title='bbox 978 2404 1132 2449; x_wconf 90' lang='lat' dir='ltr'>cum</span> <span class='ocrx_word' id='word_1_166' title='bbox 1182 2386 1579 2468; x_wconf 83' lang='lat' dir='ltr'>capellanis:</span> <span class='ocrx_word' id='word_1_167' title='bbox 1634 2387 1793 2450; x_wconf 89' lang='lat' dir='ltr'>item</span> <span class='ocrx_word' id='word_1_168' title='bbox 1840 2407 1962 2470; x_wconf 90' lang='lat' dir='ltr'>pro</span> <span class='ocrx_word' id='word_1_169' title='bbox 2010 2387 2303 2469; x_wconf 88' lang='lat' dir='ltr'>piscibus</span> <span class='ocrx_word' id='word_1_170' title='bbox 2347 2387 2451 2450; x_wconf 94' lang='lat' dir='ltr'>VI</span> <span class='ocrx_word' id='word_1_171' title='bbox 2497 2407 2587 2452; x_wconf 91' lang='lat' dir='ltr'>sc.</span> <span class='ocrx_word' id='word_1_172' title='bbox 2634 2387 2794 2451; x_wconf 90' lang='lat' dir='ltr'>item</span> <span class='ocrx_word' id='word_1_173' title='bbox 2841 2407 2966 2470; x_wconf 94' lang='lat' dir='ltr'>pro</span> <span class='ocrx_word' id='word_1_174' title='bbox 3015 2388 3168 2450; x_wconf 93' lang='lat' dir='ltr'>oleo</span> <span class='ocrx_word' id='word_1_175' title='bbox 3214 2387 3282 2450; x_wconf 96' lang='lat' dir='ltr'>II</span> <span class='ocrx_word' id='word_1_176' title='bbox 3328 2405 3418 2450; x_wconf 97' lang='grc'>50.</span> <span class='ocrx_word' id='word_1_177' title='bbox 3466 2387 3630 2450; x_wconf 86' lang='lat' dir='ltr'>item</span> 
     </span>
     <span class='ocr_line' id='line_1_19' title="bbox 423 2483 3031 2578; baseline -0.005 -18"><span class='ocrx_word' id='word_1_178' title='bbox 423 2517 547 2578; x_wconf 88' lang='lat' dir='ltr'>pro</span> <span class='ocrx_word' id='word_1_179' title='bbox 594 2493 841 2559; x_wconf 83' lang='lat' dir='ltr'>octuali</span> <span class='ocrx_word' id='word_1_180' title='bbox 886 2492 1164 2556; x_wconf 86' lang='lat' dir='ltr'>ceruisie</span> <span class='ocrx_word' id='word_1_181' title='bbox 1211 2492 1356 2554; x_wconf 90' lang='lat' dir='ltr'>XII</span> <span class='ocrx_word' id='word_1_182' title='bbox 1402 2512 1492 2556; x_wconf 90' lang='grc'>50.</span> <span class='ocrx_word' id='word_1_183' title='bbox 3025 2483 3031 2488; x_wconf 77' lang='grc'><strong>”</strong></span> 
     </span>
    </p>

    <p class='ocr_par' dir='ltr' id='par_1_11' title="bbox 425 2601 3634 2792">
     <span class='ocr_line' id='line_1_20' title="bbox 639 2601 3634 2686; baseline 0 -21"><span class='ocrx_word' id='word_1_184' title='bbox 639 2601 919 2666; x_wconf 87' lang='lat' dir='ltr'>Doctori</span> <span class='ocrx_word' id='word_1_185' title='bbox 964 2601 1371 2684; x_wconf 81' lang='lat' dir='ltr'>provinciali,</span> <span class='ocrx_word' id='word_1_186' title='bbox 1420 2601 1745 2686; x_wconf 84' lang='lat' dir='ltr'>mag-istro</span> <span class='ocrx_word' id='word_1_187' title='bbox 1783 2601 2077 2681; x_wconf 78' lang='lat' dir='ltr'>Jacoboz</span> <span class='ocrx_word' id='word_1_188' title='bbox 2124 2602 2280 2664; x_wconf 89' lang='lat' dir='ltr'>item</span> <span class='ocrx_word' id='word_1_189' title='bbox 2332 2621 2454 2684; x_wconf 90' lang='lat' dir='ltr'>pro</span> <span class='ocrx_word' id='word_1_190' title='bbox 2499 2601 2792 2684; x_wconf 86' lang='lat' dir='ltr'>piscibus</span> <span class='ocrx_word' id='word_1_191' title='bbox 2830 2601 2931 2664; x_wconf 91' lang='lat' dir='ltr'>VI</span> <span class='ocrx_word' id='word_1_192' title='bbox 2975 2621 3068 2664; x_wconf 91' lang='lat' dir='ltr'>sc.</span> <span class='ocrx_word' id='word_1_193' title='bbox 3115 2601 3273 2664; x_wconf 89' lang='lat' dir='ltr'>item</span> <span class='ocrx_word' id='word_1_194' title='bbox 3322 2621 3446 2683; x_wconf 88' lang='lat' dir='ltr'>pro</span> <span class='ocrx_word' id='word_1_195' title='bbox 3483 2602 3634 2665; x_wconf 91' lang='lat' dir='ltr'>oleo</span> 
     </span>
     <span class='ocr_line' id='line_1_21' title="bbox 425 2708 1954 2792; baseline -0.003 -17"><span class='ocrx_word' id='word_1_196' title='bbox 425 2712 493 2775; x_wconf 95' lang='lat' dir='ltr'>II</span> <span class='ocrx_word' id='word_1_197' title='bbox 540 2731 631 2775; x_wconf 92' lang='lat' dir='ltr'>sc.</span> <span class='ocrx_word' id='word_1_198' title='bbox 676 2710 838 2774; x_wconf 89' lang='lat' dir='ltr'>item</span> <span class='ocrx_word' id='word_1_199' title='bbox 886 2729 1008 2792; x_wconf 90' lang='lat' dir='ltr'>pro</span> <span class='ocrx_word' id='word_1_200' title='bbox 1054 2708 1302 2772; x_wconf 83' lang='lat' dir='ltr'>octuali</span> <span class='ocrx_word' id='word_1_201' title='bbox 1349 2708 1626 2772; x_wconf 89' lang='lat' dir='ltr'>ceruisie</span> <span class='ocrx_word' id='word_1_202' title='bbox 1672 2708 1817 2772; x_wconf 90' lang='lat' dir='ltr'>XII</span> <span class='ocrx_word' id='word_1_203' title='bbox 1864 2727 1954 2771; x_wconf 89' lang='grc'>50.</span> 
     </span>
    </p>

    <p class='ocr_par' dir='ltr' id='par_1_12' title="bbox 426 2806 3620 2992">
     <span class='ocr_line' id='line_1_22' title="bbox 638 2806 3620 2900; baseline -0.001 -19"><span class='ocrx_word' id='word_1_204' title='bbox 638 2817 796 2881; x_wconf 90' lang='lat' dir='ltr'>Dno</span> <span class='ocrx_word' id='word_1_205' title='bbox 848 2816 1247 2880; x_wconf 89' lang='lat' dir='ltr'>Wlodconi:</span> <span class='ocrx_word' id='word_1_206' title='bbox 1312 2817 1471 2879; x_wconf 90' lang='lat' dir='ltr'>item</span> <span class='ocrx_word' id='word_1_207' title='bbox 1520 2835 1643 2899; x_wconf 91' lang='lat' dir='ltr'>pro</span> <span class='ocrx_word' id='word_1_208' title='bbox 1708 2816 2004 2898; x_wconf 88' lang='lat' dir='ltr'>piscibus</span> <span class='ocrx_word' id='word_1_209' title='bbox 2049 2806 2151 2879; x_wconf 89' lang='grc' dir='ltr'>ΙΙΙ</span> <span class='ocrx_word' id='word_1_210' title='bbox 2199 2836 2288 2880; x_wconf 90' lang='grc'>50.</span> <span class='ocrx_word' id='word_1_211' title='bbox 2354 2818 2512 2879; x_wconf 90' lang='lat' dir='ltr'>item</span> <span class='ocrx_word' id='word_1_212' title='bbox 2560 2837 2683 2899; x_wconf 88' lang='lat' dir='ltr'>pro</span> <span class='ocrx_word' id='word_1_213' title='bbox 2730 2819 2883 2880; x_wconf 88' lang='lat' dir='ltr'>oleo</span> <span class='ocrx_word' id='word_1_214' title='bbox 2929 2818 2962 2880; x_wconf 99' lang='grc' dir='ltr'>Ι</span> <span class='ocrx_word' id='word_1_215' title='bbox 3009 2836 3099 2880; x_wconf 89' lang='grc'>50.</span> <span class='ocrx_word' id='word_1_216' title='bbox 3165 2816 3326 2880; x_wconf 89' lang='lat' dir='ltr'>item</span> <span class='ocrx_word' id='word_1_217' title='bbox 3371 2837 3497 2900; x_wconf 82' lang='lat' dir='ltr'>pro</span> <span class='ocrx_word' id='word_1_218' title='bbox 3557 2815 3620 2898; x_wconf 62' lang='grc' dir='ltr'>ΙΙ,</span> 
     </span>
     <span class='ocr_line' id='line_1_23' title="bbox 426 2921 1279 2992; baseline -0.006 0"><span class='ocrx_word' id='word_1_219' title='bbox 426 2927 671 2992; x_wconf 85' lang='lat' dir='ltr'>octuali</span> <span class='ocrx_word' id='word_1_220' title='bbox 718 2924 996 2989; x_wconf 89' lang='lat' dir='ltr'>ceruisie</span> <span class='ocrx_word' id='word_1_221' title='bbox 1042 2921 1145 2986; x_wconf 94' lang='lat' dir='ltr'>VI</span> <span class='ocrx_word' id='word_1_222' title='bbox 1190 2943 1279 2987; x_wconf 89' lang='grc'>50.</span> 
     </span>
    </p>

    <p class='ocr_par' dir='ltr' id='par_1_13' title="bbox 441 3029 3632 3226">
     <span class='ocr_line' id='line_1_24' title="bbox 640 3029 3632 3114; baseline -0.001 -18"><span class='ocrx_word' id='word_1_223' title='bbox 640 3031 1020 3096; x_wconf 89' lang='lat' dir='ltr'>Dederconi</span> <span class='ocrx_word' id='word_1_224' title='bbox 1066 3029 1453 3094; x_wconf 85' lang='lat' dir='ltr'>falconiste:</span> <span class='ocrx_word' id='word_1_225' title='bbox 1500 3030 1659 3093; x_wconf 87' lang='lat' dir='ltr'>item</span> <span class='ocrx_word' id='word_1_226' title='bbox 1708 3050 1831 3113; x_wconf 91' lang='lat' dir='ltr'>pro</span> <span class='ocrx_word' id='word_1_227' title='bbox 1878 3030 2173 3114; x_wconf 87' lang='lat' dir='ltr'>piscibus</span> <span class='ocrx_word' id='word_1_228' title='bbox 2218 3029 2322 3093; x_wconf 93' lang='lat' dir='ltr'>III</span> <span class='ocrx_word' id='word_1_229' title='bbox 2368 3051 2460 3094; x_wconf 91' lang='lat' dir='ltr'>sc.</span> <span class='ocrx_word' id='word_1_230' title='bbox 2507 3031 2666 3094; x_wconf 90' lang='lat' dir='ltr'>item</span> <span class='ocrx_word' id='word_1_231' title='bbox 2714 3050 2838 3113; x_wconf 91' lang='lat' dir='ltr'>pro</span> <span class='ocrx_word' id='word_1_232' title='bbox 2885 3033 3038 3094; x_wconf 91' lang='lat' dir='ltr'>oleo</span> <span class='ocrx_word' id='word_1_233' title='bbox 3083 3031 3116 3093; x_wconf 94' lang='lat' dir='ltr'>I</span> <span class='ocrx_word' id='word_1_234' title='bbox 3163 3051 3252 3094; x_wconf 91' lang='grc'>50.</span> <span class='ocrx_word' id='word_1_235' title='bbox 3299 3031 3460 3094; x_wconf 86' lang='lat' dir='ltr'>item</span> <span class='ocrx_word' id='word_1_236' title='bbox 3508 3051 3632 3113; x_wconf 86' lang='lat' dir='ltr'>pro</span> 
     </span>
     <span class='ocr_line' id='line_1_25' title="bbox 441 3137 1419 3226; baseline -0.006 -19"><span class='ocrx_word' id='word_1_237' title='bbox 441 3143 505 3226; x_wconf 60' lang='grc' dir='ltr'>ΙΙ,</span> <span class='ocrx_word' id='word_1_238' title='bbox 565 3140 811 3206; x_wconf 81' lang='lat' dir='ltr'>octuali</span> <span class='ocrx_word' id='word_1_239' title='bbox 857 3138 1135 3202; x_wconf 87' lang='lat' dir='ltr'>ceruisie</span> <span class='ocrx_word' id='word_1_240' title='bbox 1180 3137 1282 3200; x_wconf 92' lang='lat' dir='ltr'>VI</span> <span class='ocrx_word' id='word_1_241' title='bbox 1329 3158 1419 3201; x_wconf 89' lang='grc'>50.</span> 
     </span>
    </p>

    <p class='ocr_par' dir='ltr' id='par_1_14' title="bbox 425 3244 3626 3442">
     <span class='ocr_line' id='line_1_26' title="bbox 640 3244 3626 3328; baseline -0.002 -15"><span class='ocrx_word' id='word_1_242' title='bbox 640 3251 795 3312; x_wconf 91' lang='lat' dir='ltr'>Dno</span> <span class='ocrx_word' id='word_1_243' title='bbox 841 3245 1249 3328; x_wconf 85' lang='lat' dir='ltr'>Falcowsky</span> <span class='ocrx_word' id='word_1_244' title='bbox 1293 3245 1652 3309; x_wconf 82' lang='lat' dir='ltr'>subindici:</span> <span class='ocrx_word' id='word_1_245' title='bbox 1698 3245 1857 3308; x_wconf 88' lang='lat' dir='ltr'>item</span> <span class='ocrx_word' id='word_1_246' title='bbox 1906 3265 2028 3328; x_wconf 87' lang='lat' dir='ltr'>pro</span> <span class='ocrx_word' id='word_1_247' title='bbox 2073 3245 2367 3328; x_wconf 91' lang='lat' dir='ltr'>piscibus</span> <span class='ocrx_word' id='word_1_248' title='bbox 2402 3244 2506 3308; x_wconf 93' lang='lat' dir='ltr'>III</span> <span class='ocrx_word' id='word_1_249' title='bbox 2552 3263 2641 3308; x_wconf 81' lang='lat' dir='ltr'>sc,</span> <span class='ocrx_word' id='word_1_250' title='bbox 2686 3245 2848 3309; x_wconf 89' lang='lat' dir='ltr'>item</span> <span class='ocrx_word' id='word_1_251' title='bbox 2893 3265 3018 3328; x_wconf 90' lang='lat' dir='ltr'>pro</span> <span class='ocrx_word' id='word_1_252' title='bbox 3064 3247 3216 3308; x_wconf 91' lang='lat' dir='ltr'>oleo</span> <span class='ocrx_word' id='word_1_253' title='bbox 3253 3246 3286 3308; x_wconf 98' lang='grc' dir='ltr'>Ι</span> <span class='ocrx_word' id='word_1_254' title='bbox 3323 3265 3414 3310; x_wconf 89' lang='grc'>50.</span> <span class='ocrx_word' id='word_1_255' title='bbox 3464 3246 3626 3308; x_wconf 89' lang='lat' dir='ltr'>item</span> 
     </span>
     <span class='ocr_line' id='line_1_27' title="bbox 425 3352 1627 3442; baseline -0.004 -20"><span class='ocrx_word' id='word_1_256' title='bbox 425 3380 551 3442; x_wconf 93' lang='lat' dir='ltr'>pro</span> <span class='ocrx_word' id='word_1_257' title='bbox 608 3358 671 3440; x_wconf 61' lang='grc' dir='ltr'>ΙΙ,</span> <span class='ocrx_word' id='word_1_258' title='bbox 729 3355 975 3420; x_wconf 81' lang='lat' dir='ltr'>octuali</span> <span class='ocrx_word' id='word_1_259' title='bbox 1023 3352 1342 3436; x_wconf 88' lang='lat' dir='ltr'>(ceruisie)</span> <span class='ocrx_word' id='word_1_260' title='bbox 1389 3352 1493 3415; x_wconf 89' lang='lat' dir='ltr'>VI</span> <span class='ocrx_word' id='word_1_261' title='bbox 1538 3373 1627 3417; x_wconf 90' lang='lat' dir='ltr'>se.</span> 
     </span>
    </p>

    <p class='ocr_par' dir='ltr' id='par_1_15' title="bbox 427 3459 3621 3640">
     <span class='ocr_line' id='line_1_28' title="bbox 642 3459 3621 3543; baseline -0.001 -16"><span class='ocrx_word' id='word_1_262' title='bbox 642 3465 801 3526; x_wconf 86' lang='lat' dir='ltr'>Dno</span> <span class='ocrx_word' id='word_1_263' title='bbox 847 3461 1195 3526; x_wconf 84' lang='lat' dir='ltr'>Conrado:</span> <span class='ocrx_word' id='word_1_264' title='bbox 1259 3461 1419 3524; x_wconf 86' lang='lat' dir='ltr'>item</span> <span class='ocrx_word' id='word_1_265' title='bbox 1486 3479 1609 3543; x_wconf 88' lang='lat' dir='ltr'>pro</span> <span class='ocrx_word' id='word_1_266' title='bbox 1674 3461 1969 3543; x_wconf 88' lang='lat' dir='ltr'>piscibus</span> <span class='ocrx_word' id='word_1_267' title='bbox 2034 3459 2138 3523; x_wconf 92' lang='lat' dir='ltr'>III</span> <span class='ocrx_word' id='word_1_268' title='bbox 2186 3479 2273 3524; x_wconf 91' lang='lat' dir='ltr'>se.</span> <span class='ocrx_word' id='word_1_269' title='bbox 2337 3460 2498 3523; x_wconf 87' lang='lat' dir='ltr'>item</span> <span class='ocrx_word' id='word_1_270' title='bbox 2566 3479 2690 3542; x_wconf 91' lang='lat' dir='ltr'>pro</span> <span class='ocrx_word' id='word_1_271' title='bbox 2755 3461 2908 3524; x_wconf 91' lang='lat' dir='ltr'>oleo</span> <span class='ocrx_word' id='word_1_272' title='bbox 2954 3461 2987 3523; x_wconf 99' lang='grc' dir='ltr'>Ι</span> <span class='ocrx_word' id='word_1_273' title='bbox 3033 3479 3123 3524; x_wconf 89' lang='grc'>50.</span> <span class='ocrx_word' id='word_1_274' title='bbox 3169 3461 3329 3523; x_wconf 86' lang='lat' dir='ltr'>item</span> <span class='ocrx_word' id='word_1_275' title='bbox 3375 3479 3498 3542; x_wconf 88' lang='lat' dir='ltr'>pro</span> <span class='ocrx_word' id='word_1_276' title='bbox 3557 3459 3621 3541; x_wconf 64' lang='grc' dir='ltr'>ΙΙ,</span> 
     </span>
     <span class='ocr_line' id='line_1_29' title="bbox 427 3567 1285 3640; baseline -0.013 0"><span class='ocrx_word' id='word_1_277' title='bbox 427 3573 676 3640; x_wconf 85' lang='lat' dir='ltr'>octuali</span> <span class='ocrx_word' id='word_1_278' title='bbox 722 3569 1000 3634; x_wconf 89' lang='lat' dir='ltr'>ceruisie</span> <span class='ocrx_word' id='word_1_279' title='bbox 1046 3567 1149 3631; x_wconf 93' lang='lat' dir='ltr'>VI</span> <span class='ocrx_word' id='word_1_280' title='bbox 1195 3587 1285 3630; x_wconf 88' lang='lat' dir='ltr'>sc.</span> 
     </span>
    </p>

    <p class='ocr_par' dir='ltr' id='par_1_16' title="bbox 426 3673 3621 3856">
     <span class='ocr_line' id='line_1_30' title="bbox 640 3673 3621 3758; baseline -0.002 -16"><span class='ocrx_word' id='word_1_281' title='bbox 640 3681 799 3742; x_wconf 91' lang='lat' dir='ltr'>Dno</span> <span class='ocrx_word' id='word_1_282' title='bbox 844 3675 1277 3740; x_wconf 90' lang='lat' dir='ltr'>Wolczconi:</span> <span class='ocrx_word' id='word_1_283' title='bbox 1340 3675 1501 3739; x_wconf 88' lang='lat' dir='ltr'>item</span> <span class='ocrx_word' id='word_1_284' title='bbox 1546 3695 1671 3758; x_wconf 90' lang='lat' dir='ltr'>pro</span> <span class='ocrx_word' id='word_1_285' title='bbox 1716 3674 2009 3758; x_wconf 90' lang='lat' dir='ltr'>piscibus</span> <span class='ocrx_word' id='word_1_286' title='bbox 2056 3675 2158 3738; x_wconf 92' lang='lat' dir='ltr'>III</span> <span class='ocrx_word' id='word_1_287' title='bbox 2206 3695 2295 3739; x_wconf 88' lang='lat' dir='ltr'>se.</span> <span class='ocrx_word' id='word_1_288' title='bbox 2362 3676 2522 3738; x_wconf 89' lang='lat' dir='ltr'>item</span> <span class='ocrx_word' id='word_1_289' title='bbox 2571 3693 2692 3756; x_wconf 88' lang='lat' dir='ltr'>pro</span> <span class='ocrx_word' id='word_1_290' title='bbox 2740 3676 2890 3738; x_wconf 92' lang='lat' dir='ltr'>oleo</span> <span class='ocrx_word' id='word_1_291' title='bbox 2935 3674 2968 3736; x_wconf 95' lang='lat' dir='ltr'>I</span> <span class='ocrx_word' id='word_1_292' title='bbox 3015 3694 3105 3738; x_wconf 90' lang='lat' dir='ltr'>sc.</span> <span class='ocrx_word' id='word_1_293' title='bbox 3169 3674 3328 3737; x_wconf 87' lang='lat' dir='ltr'>item</span> <span class='ocrx_word' id='word_1_294' title='bbox 3376 3693 3498 3756; x_wconf 90' lang='lat' dir='ltr'>pro</span> <span class='ocrx_word' id='word_1_295' title='bbox 3557 3673 3621 3755; x_wconf 64' lang='lat' dir='ltr'>¹!ae</span> 
     </span>
     <span class='ocr_line' id='line_1_31' title="bbox 426 3783 1281 3856; baseline -0.012 0"><span class='ocrx_word' id='word_1_296' title='bbox 426 3788 673 3856; x_wconf 87' lang='lat' dir='ltr'>octuali</span> <span class='ocrx_word' id='word_1_297' title='bbox 719 3784 999 3850; x_wconf 90' lang='lat' dir='ltr'>ceruisie</span> <span class='ocrx_word' id='word_1_298' title='bbox 1046 3783 1147 3846; x_wconf 91' lang='lat' dir='ltr'>VI</span> <span class='ocrx_word' id='word_1_299' title='bbox 1192 3803 1281 3846; x_wconf 90' lang='lat' dir='ltr'>sc.</span> 
     </span>
    </p>

    <p class='ocr_par' dir='ltr' id='par_1_17' title="bbox 426 3888 3631 4090">
     <span class='ocr_line' id='line_1_32' title="bbox 642 3888 3631 3978; baseline -0.002 -19"><span class='ocrx_word' id='word_1_300' title='bbox 642 3892 1137 3978; x_wconf 86' lang='lat' dir='ltr'>Mrzyglodsky</span> <span class='ocrx_word' id='word_1_301' title='bbox 1201 3891 1593 3954; x_wconf 84' lang='lat' dir='ltr'>iusticiario:</span> <span class='ocrx_word' id='word_1_302' title='bbox 1658 3892 1818 3954; x_wconf 86' lang='lat' dir='ltr'>item</span> <span class='ocrx_word' id='word_1_303' title='bbox 1864 3911 1988 3974; x_wconf 93' lang='lat' dir='ltr'>pro</span> <span class='ocrx_word' id='word_1_304' title='bbox 2034 3891 2328 3973; x_wconf 90' lang='lat' dir='ltr'>piscibus</span> <span class='ocrx_word' id='word_1_305' title='bbox 2376 3889 2478 3952; x_wconf 96' lang='lat' dir='ltr'>III</span> <span class='ocrx_word' id='word_1_306' title='bbox 2525 3910 2614 3954; x_wconf 88' lang='lat' dir='ltr'>sc.</span> <span class='ocrx_word' id='word_1_307' title='bbox 2679 3889 2837 3952; x_wconf 87' lang='lat' dir='ltr'>item</span> <span class='ocrx_word' id='word_1_308' title='bbox 2887 3909 3010 3972; x_wconf 89' lang='lat' dir='ltr'>pro</span> <span class='ocrx_word' id='word_1_309' title='bbox 3057 3890 3208 3952; x_wconf 94' lang='grc'>0100</span> <span class='ocrx_word' id='word_1_310' title='bbox 3255 3888 3288 3952; x_wconf 93' lang='lat' dir='ltr'>I</span> <span class='ocrx_word' id='word_1_311' title='bbox 3335 3907 3425 3952; x_wconf 87' lang='grc'>50.</span> <span class='ocrx_word' id='word_1_312' title='bbox 3471 3889 3631 3952; x_wconf 88' lang='lat' dir='ltr'>item</span> 
     </span>
     <span class='ocr_line' id='line_1_33' title="bbox 426 3996 1585 4090; baseline -0.006 -21"><span class='ocrx_word' id='word_1_313' title='bbox 426 4025 549 4090; x_wconf 90' lang='lat' dir='ltr'>pro</span> <span class='ocrx_word' id='word_1_314' title='bbox 602 4002 681 4089; x_wconf 76' lang='lat' dir='ltr'>¹s2</span> <span class='ocrx_word' id='word_1_315' title='bbox 731 4001 975 4066; x_wconf 86' lang='lat' dir='ltr'>octuali</span> <span class='ocrx_word' id='word_1_316' title='bbox 1022 3996 1299 4063; x_wconf 83' lang='lat' dir='ltr'>ceruisie</span> <span class='ocrx_word' id='word_1_317' title='bbox 1348 3997 1449 4062; x_wconf 93' lang='lat' dir='ltr'>VI</span> <span class='ocrx_word' id='word_1_318' title='bbox 1495 4017 1585 4064; x_wconf 90' lang='lat' dir='ltr'>sc.</span> 
     </span>
    </p>

    <p class='ocr_par' dir='ltr' id='par_1_18' title="bbox 429 4101 3634 4410">
     <span class='ocr_line' id='line_1_34' title="bbox 644 4101 3634 4188; baseline -0.003 -13"><span class='ocrx_word' id='word_1_319' title='bbox 644 4108 1070 4175; x_wconf 86' lang='lat' dir='ltr'>Cancellariis</span> <span class='ocrx_word' id='word_1_320' title='bbox 1134 4107 1508 4170; x_wconf 88' lang='lat' dir='ltr'>Ruthenis:</span> <span class='ocrx_word' id='word_1_321' title='bbox 1574 4105 1908 4180; x_wconf 83' lang='lat' dir='ltr'>Szatiloni‚</span> <span class='ocrx_word' id='word_1_322' title='bbox 1975 4105 2289 4188; x_wconf 89' lang='lat' dir='ltr'>Mysconi</span> <span class='ocrx_word' id='word_1_323' title='bbox 2357 4103 2545 4188; x_wconf 84' lang='lat' dir='ltr'><em>dyak,</em></span> <span class='ocrx_word' id='word_1_324' title='bbox 2610 4103 2950 4186; x_wconf 90' lang='lat' dir='ltr'>Rynconi‚</span> <span class='ocrx_word' id='word_1_325' title='bbox 3016 4101 3209 4176; x_wconf 86' lang='lat' dir='ltr'>Sucz,</span> <span class='ocrx_word' id='word_1_326' title='bbox 3273 4102 3634 4178; x_wconf 85' lang='lat' dir='ltr'>Cocorec0,</span> 
     </span>
     <span class='ocr_line' id='line_1_35' title="bbox 430 4208 3634 4312; baseline -0.004 -26"><span class='ocrx_word' id='word_1_327' title='bbox 430 4224 791 4306; x_wconf 85' lang='lat' dir='ltr'>Rynczyn,</span> <span class='ocrx_word' id='word_1_328' title='bbox 838 4216 1084 4280; x_wconf 84' lang='lat' dir='ltr'>Cusma</span> <span class='ocrx_word' id='word_1_329' title='bbox 1134 4235 1286 4278; x_wconf 89' lang='lat' dir='ltr'>cum</span> <span class='ocrx_word' id='word_1_330' title='bbox 1344 4215 1657 4278; x_wconf 90' lang='lat' dir='ltr'>omnibus</span> <span class='ocrx_word' id='word_1_331' title='bbox 1720 4213 2090 4276; x_wconf 88' lang='lat' dir='ltr'>Ruthenis:</span> <span class='ocrx_word' id='word_1_332' title='bbox 2156 4212 2318 4276; x_wconf 87' lang='lat' dir='ltr'>item</span> <span class='ocrx_word' id='word_1_333' title='bbox 2367 4232 2490 4293; x_wconf 91' lang='lat' dir='ltr'>pro</span> <span class='ocrx_word' id='word_1_334' title='bbox 2539 4211 2830 4312; x_wconf 86' lang='lat' dir='ltr'>piscibus</span> <span class='ocrx_word' id='word_1_335' title='bbox 2895 4209 3272 4272; x_wconf 83' lang='lat' dir='ltr'>recentibus</span> <span class='ocrx_word' id='word_1_336' title='bbox 3316 4208 3497 4272; x_wconf 88' lang='lat' dir='ltr'>XIII</span> <span class='ocrx_word' id='word_1_337' title='bbox 3541 4230 3634 4274; x_wconf 86' lang='lat' dir='ltr'>sc.</span> 
     </span>
     <span class='ocr_line' id='line_1_36' title="bbox 429 4318 2582 4410; baseline -0.007 -15"><span class='ocrx_word' id='word_1_338' title='bbox 429 4331 593 4395; x_wconf 89' lang='lat' dir='ltr'>item</span> <span class='ocrx_word' id='word_1_339' title='bbox 641 4346 765 4410; x_wconf 88' lang='lat' dir='ltr'>pro</span> <span class='ocrx_word' id='word_1_340' title='bbox 810 4324 1105 4408; x_wconf 89' lang='lat' dir='ltr'>piscibus</span> <span class='ocrx_word' id='word_1_341' title='bbox 1148 4320 1341 4386; x_wconf 90' lang='lat' dir='ltr'>siccis</span> <span class='ocrx_word' id='word_1_342' title='bbox 1387 4321 1567 4402; x_wconf 61' lang='grc' dir='ltr'>ΙΙΙΙΙ,3</span> <span class='ocrx_word' id='word_1_343' title='bbox 1626 4341 1715 4385; x_wconf 92' lang='grc'>50.</span> <span class='ocrx_word' id='word_1_344' title='bbox 1762 4321 1922 4384; x_wconf 88' lang='lat' dir='ltr'>item</span> <span class='ocrx_word' id='word_1_345' title='bbox 1968 4341 2091 4403; x_wconf 87' lang='lat' dir='ltr'>pro</span> <span class='ocrx_word' id='word_1_346' title='bbox 2138 4322 2291 4382; x_wconf 83' lang='lat' dir='ltr'>oleo</span> <span class='ocrx_word' id='word_1_347' title='bbox 2340 4318 2444 4381; x_wconf 96' lang='lat' dir='ltr'>III</span> <span class='ocrx_word' id='word_1_348' title='bbox 2491 4335 2582 4381; x_wconf 89' lang='lat' dir='ltr'>sc.</span> 
     </span>
    </p>

    <p class='ocr_par' dir='ltr' id='par_1_19' title="bbox 646 4427 2772 4512">
     <span class='ocr_line' id='line_1_37' title="bbox 646 4427 2772 4512; baseline -0.004 -15"><span class='ocrx_word' id='word_1_349' title='bbox 646 4432 956 4499; x_wconf 90' lang='lat' dir='ltr'>Incisori:</span> <span class='ocrx_word' id='word_1_350' title='bbox 1003 4432 1161 4493; x_wconf 90' lang='lat' dir='ltr'>item</span> <span class='ocrx_word' id='word_1_351' title='bbox 1209 4450 1332 4512; x_wconf 92' lang='lat' dir='ltr'>pro</span> <span class='ocrx_word' id='word_1_352' title='bbox 1380 4430 1673 4512; x_wconf 90' lang='lat' dir='ltr'>piscibus</span> <span class='ocrx_word' id='word_1_353' title='bbox 1720 4428 1788 4491; x_wconf 95' lang='lat' dir='ltr'>II</span> <span class='ocrx_word' id='word_1_354' title='bbox 1836 4449 1925 4492; x_wconf 89' lang='lat' dir='ltr'>sc.</span> <span class='ocrx_word' id='word_1_355' title='bbox 1973 4428 2131 4490; x_wconf 87' lang='lat' dir='ltr'>item</span> <span class='ocrx_word' id='word_1_356' title='bbox 2179 4447 2304 4510; x_wconf 91' lang='lat' dir='ltr'>pro</span> <span class='ocrx_word' id='word_1_357' title='bbox 2351 4427 2502 4490; x_wconf 91' lang='lat' dir='ltr'>oleo</span> <span class='ocrx_word' id='word_1_358' title='bbox 2561 4428 2624 4506; x_wconf 75' lang='lat' dir='ltr'>¹l2</span> <span class='ocrx_word' id='word_1_359' title='bbox 2683 4445 2772 4488; x_wconf 91' lang='lat' dir='ltr'>sc.</span> 
     </span>
    </p>

    <p class='ocr_par' dir='ltr' id='par_1_20' title="bbox 645 4531 3187 4622">
     <span class='ocr_line' id='line_1_38' title="bbox 645 4531 3187 4622; baseline -0.005 -17"><span class='ocrx_word' id='word_1_360' title='bbox 645 4542 938 4606; x_wconf 85' lang='lat' dir='ltr'>Alberto</span> <span class='ocrx_word' id='word_1_361' title='bbox 982 4537 1316 4622; x_wconf 84' lang='lat' dir='ltr'>dyariste:</span> <span class='ocrx_word' id='word_1_362' title='bbox 1364 4538 1523 4600; x_wconf 90' lang='lat' dir='ltr'>item</span> <span class='ocrx_word' id='word_1_363' title='bbox 1570 4556 1693 4618; x_wconf 90' lang='lat' dir='ltr'>pro</span> <span class='ocrx_word' id='word_1_364' title='bbox 1738 4535 2031 4618; x_wconf 89' lang='lat' dir='ltr'>piscibus</span> <span class='ocrx_word' id='word_1_365' title='bbox 2078 4533 2147 4597; x_wconf 92' lang='lat' dir='ltr'>II</span> <span class='ocrx_word' id='word_1_366' title='bbox 2162 4535 2225 4616; x_wconf 64' lang='grc' dir='ltr'>ΙΙ,</span> <span class='ocrx_word' id='word_1_367' title='bbox 2284 4553 2372 4597; x_wconf 88' lang='grc'>50.</span> <span class='ocrx_word' id='word_1_368' title='bbox 2419 4534 2582 4596; x_wconf 90' lang='lat' dir='ltr'>item</span> <span class='ocrx_word' id='word_1_369' title='bbox 2630 4551 2754 4614; x_wconf 92' lang='lat' dir='ltr'>pro</span> <span class='ocrx_word' id='word_1_370' title='bbox 2805 4533 2956 4594; x_wconf 93' lang='lat' dir='ltr'>oleo</span> <span class='ocrx_word' id='word_1_371' title='bbox 3001 4531 3034 4593; x_wconf 94' lang='lat' dir='ltr'>I</span> <span class='ocrx_word' id='word_1_372' title='bbox 3083 4550 3187 4615; x_wconf 84' lang='lat' dir='ltr'>gr.</span> 
     </span>
    </p>

    <p class='ocr_par' dir='ltr' id='par_1_21' title="bbox 645 4638 3027 4732">
     <span class='ocr_line' id='line_1_39' title="bbox 645 4638 3027 4732; baseline -0.005 -21"><span class='ocrx_word' id='word_1_373' title='bbox 645 4648 963 4732; x_wconf 85' lang='lat' dir='ltr'>Dyariste</span> <span class='ocrx_word' id='word_1_374' title='bbox 1011 4665 1258 4708; x_wconf 86' lang='lat' dir='ltr'>auene:</span> <span class='ocrx_word' id='word_1_375' title='bbox 1306 4645 1464 4707; x_wconf 88' lang='lat' dir='ltr'>item</span> <span class='ocrx_word' id='word_1_376' title='bbox 1513 4664 1634 4726; x_wconf 90' lang='lat' dir='ltr'>pro</span> <span class='ocrx_word' id='word_1_377' title='bbox 1682 4643 1973 4726; x_wconf 90' lang='lat' dir='ltr'>piscibus</span> <span class='ocrx_word' id='word_1_378' title='bbox 2020 4639 2087 4705; x_wconf 94' lang='lat' dir='ltr'>II</span> <span class='ocrx_word' id='word_1_379' title='bbox 2134 4663 2228 4705; x_wconf 88' lang='grc'>50.</span> <span class='ocrx_word' id='word_1_380' title='bbox 2272 4641 2432 4704; x_wconf 88' lang='lat' dir='ltr'>item</span> <span class='ocrx_word' id='word_1_381' title='bbox 2478 4660 2602 4722; x_wconf 91' lang='lat' dir='ltr'>pro</span> <span class='ocrx_word' id='word_1_382' title='bbox 2651 4640 2800 4701; x_wconf 90' lang='lat' dir='ltr'>oleo</span> <span class='ocrx_word' id='word_1_383' title='bbox 2845 4638 2880 4701; x_wconf 99' lang='lat' dir='ltr'>I</span> <span class='ocrx_word' id='word_1_384' title='bbox 2927 4658 3027 4722; x_wconf 88' lang='lat' dir='ltr'>gr.</span> 
     </span>
    </p>

    <p class='ocr_par' dir='ltr' id='par_1_22' title="bbox 430 4739 3634 4942">
     <span class='ocr_line' id='line_1_40' title="bbox 648 4739 3634 4835; baseline -0.005 -14"><span class='ocrx_word' id='word_1_385' title='bbox 648 4755 947 4822; x_wconf 86' lang='lat' dir='ltr'>Gerdoni</span> <span class='ocrx_word' id='word_1_386' title='bbox 990 4773 1147 4816; x_wconf 90' lang='lat' dir='ltr'>cum</span> <span class='ocrx_word' id='word_1_387' title='bbox 1194 4752 1509 4815; x_wconf 91' lang='lat' dir='ltr'>omnibus</span> <span class='ocrx_word' id='word_1_388' title='bbox 1554 4750 2111 4835; x_wconf 78' lang='lat' dir='ltr'>subagazonibu5‚</span> <span class='ocrx_word' id='word_1_389' title='bbox 2134 4739 2139 4744; x_wconf 42' lang='lat'>⁸</span> <span class='ocrx_word' id='word_1_390' title='bbox 2160 4748 2645 4833; x_wconf 80' lang='lat' dir='ltr'>mangonibus:</span> <span class='ocrx_word' id='word_1_391' title='bbox 2692 4747 2849 4809; x_wconf 89' lang='lat' dir='ltr'>item</span> <span class='ocrx_word' id='word_1_392' title='bbox 2897 4765 3021 4828; x_wconf 93' lang='lat' dir='ltr'>pro</span> <span class='ocrx_word' id='word_1_393' title='bbox 3067 4744 3360 4828; x_wconf 87' lang='lat' dir='ltr'>piscibus</span> <span class='ocrx_word' id='word_1_394' title='bbox 3405 4765 3634 4808; x_wconf 88' lang='lat' dir='ltr'>recen—</span> 
     </span>
     <span class='ocr_line' id='line_1_41' title="bbox 430 4852 3027 4942; baseline -0.006 -12"><span class='ocrx_word' id='word_1_395' title='bbox 430 4867 611 4931; x_wconf 92' lang='lat' dir='ltr'>tibus</span> <span class='ocrx_word' id='word_1_396' title='bbox 656 4863 829 4926; x_wconf 86' lang='lat' dir='ltr'>VIII</span> <span class='ocrx_word' id='word_1_397' title='bbox 874 4881 964 4925; x_wconf 92' lang='grc'>50.</span> <span class='ocrx_word' id='word_1_398' title='bbox 1010 4861 1172 4924; x_wconf 87' lang='lat' dir='ltr'>item</span> <span class='ocrx_word' id='word_1_399' title='bbox 1220 4879 1340 4942; x_wconf 90' lang='lat' dir='ltr'>pro</span> <span class='ocrx_word' id='word_1_400' title='bbox 1386 4857 1678 4940; x_wconf 90' lang='lat' dir='ltr'>piscibus</span> <span class='ocrx_word' id='word_1_401' title='bbox 1724 4858 1919 4922; x_wconf 90' lang='lat' dir='ltr'>siccis</span> <span class='ocrx_word' id='word_1_402' title='bbox 1962 4855 2067 4919; x_wconf 93' lang='lat' dir='ltr'>IV</span> <span class='ocrx_word' id='word_1_403' title='bbox 2111 4877 2201 4920; x_wconf 89' lang='lat' dir='ltr'>sc.</span> <span class='ocrx_word' id='word_1_404' title='bbox 2247 4857 2409 4918; x_wconf 89' lang='lat' dir='ltr'>item</span> <span class='ocrx_word' id='word_1_405' title='bbox 2458 4875 2579 4938; x_wconf 92' lang='lat' dir='ltr'>pro</span> <span class='ocrx_word' id='word_1_406' title='bbox 2627 4856 2776 4917; x_wconf 87' lang='lat' dir='ltr'>oleo</span> <span class='ocrx_word' id='word_1_407' title='bbox 2824 4852 2890 4915; x_wconf 87' lang='lat' dir='ltr'>II</span> <span class='ocrx_word' id='word_1_408' title='bbox 2937 4871 3027 4916; x_wconf 86' lang='grc'>50.</span> 
     </span>
    </p>

    <p class='ocr_par' dir='ltr' id='par_1_23' title="bbox 430 4951 3636 5162">
     <span class='ocr_line' id='line_1_42' title="bbox 646 4951 3636 5046; baseline -0.004 -13"><span class='ocrx_word' id='word_1_409' title='bbox 646 4959 1104 5034; x_wconf 83' lang='lat' dir='ltr'>Venatoribus</span> <span class='ocrx_word' id='word_1_410' title='bbox 1152 4965 1605 5030; x_wconf 79' lang='lat' dir='ltr'>chrodnanom</span> <span class='ocrx_word' id='word_1_411' title='bbox 1628 4988 1653 5027; x_wconf 91' lang='lat'>.·</span> <span class='ocrx_word' id='word_1_412' title='bbox 1710 4965 1867 5028; x_wconf 86' lang='lat' dir='ltr'>item</span> <span class='ocrx_word' id='word_1_413' title='bbox 1915 4985 2040 5046; x_wconf 90' lang='lat' dir='ltr'>pro</span> <span class='ocrx_word' id='word_1_414' title='bbox 2086 4951 2382 5045; x_wconf 87' lang='lat' dir='ltr'>piscibus</span> <span class='ocrx_word' id='word_1_415' title='bbox 2430 4961 2529 5024; x_wconf 90' lang='lat' dir='ltr'>IV</span> <span class='ocrx_word' id='word_1_416' title='bbox 2544 4961 2608 5042; x_wconf 74' lang='lat' dir='ltr'>¹l2</span> <span class='ocrx_word' id='word_1_417' title='bbox 2667 4979 2758 5024; x_wconf 90' lang='grc'>50.</span> <span class='ocrx_word' id='word_1_418' title='bbox 2804 4960 2962 5022; x_wconf 86' lang='lat' dir='ltr'>item</span> <span class='ocrx_word' id='word_1_419' title='bbox 3008 4979 3132 5042; x_wconf 88' lang='lat' dir='ltr'>pro</span> <span class='ocrx_word' id='word_1_420' title='bbox 3177 4961 3330 5022; x_wconf 91' lang='lat' dir='ltr'>oleo</span> <span class='ocrx_word' id='word_1_421' title='bbox 3375 4958 3410 5021; x_wconf 99' lang='lat' dir='ltr'>I</span> <span class='ocrx_word' id='word_1_422' title='bbox 3424 4957 3488 5040; x_wconf 65' lang='grc' dir='ltr'>ΙΙ,</span> <span class='ocrx_word' id='word_1_423' title='bbox 3545 4978 3636 5022; x_wconf 91' lang='lat' dir='ltr'>sc.</span> 
     </span>
     <span class='ocr_line' id='line_1_43' title="bbox 430 5072 1710 5162; baseline -0.006 -18"><span class='ocrx_word' id='word_1_424' title='bbox 430 5081 591 5144; x_wconf 87' lang='lat' dir='ltr'>item</span> <span class='ocrx_word' id='word_1_425' title='bbox 638 5098 763 5162; x_wconf 90' lang='lat' dir='ltr'>pro</span> <span class='ocrx_word' id='word_1_426' title='bbox 808 5097 972 5158; x_wconf 90' lang='lat' dir='ltr'>sepo</span> <span class='ocrx_word' id='word_1_427' title='bbox 1020 5075 1301 5138; x_wconf 88' lang='lat' dir='ltr'>canibus</span> <span class='ocrx_word' id='word_1_428' title='bbox 1347 5072 1484 5135; x_wconf 93' lang='lat' dir='ltr'>VII</span> <span class='ocrx_word' id='word_1_429' title='bbox 1500 5073 1562 5155; x_wconf 72' lang='lat' dir='ltr'>¹s2</span> <span class='ocrx_word' id='word_1_430' title='bbox 1619 5093 1710 5136; x_wconf 90' lang='grc'>50.</span> 
     </span>
    </p>

    <p class='ocr_par' dir='ltr' id='par_1_24' title="bbox 431 5171 3637 5590">
     <span class='ocr_line' id='line_1_44' title="bbox 586 5171 3637 5264; baseline -0.005 -14"><span class='ocrx_word' id='word_1_431' title='bbox 586 5175 595 5182; x_wconf 70' lang='grc'><strong>”</strong></span> <span class='ocrx_word' id='word_1_432' title='bbox 646 5185 983 5250; x_wconf 89' lang='lat' dir='ltr'>Omnibus</span> <span class='ocrx_word' id='word_1_433' title='bbox 1044 5181 1428 5256; x_wconf 82' lang='lat' dir='ltr'>falconistiS,</span> <span class='ocrx_word' id='word_1_434' title='bbox 1491 5200 1779 5264; x_wconf 89' lang='lat' dir='ltr'>quorum</span> <span class='ocrx_word' id='word_1_435' title='bbox 1844 5181 1913 5243; x_wconf 87' lang='lat' dir='ltr'>in</span> <span class='ocrx_word' id='word_1_436' title='bbox 1960 5197 2242 5241; x_wconf 88' lang='lat' dir='ltr'>numero</span> <span class='ocrx_word' id='word_1_437' title='bbox 2307 5177 2579 5240; x_wconf 87' lang='lat' dir='ltr'>fuerunt</span> <span class='ocrx_word' id='word_1_438' title='bbox 2626 5175 2901 5238; x_wconf 90' lang='lat' dir='ltr'>LXIII:</span> <span class='ocrx_word' id='word_1_439' title='bbox 2968 5175 3130 5237; x_wconf 84' lang='lat' dir='ltr'>item</span> <span class='ocrx_word' id='word_1_440' title='bbox 3173 5192 3300 5255; x_wconf 90' lang='lat' dir='ltr'>pro</span> <span class='ocrx_word' id='word_1_441' title='bbox 3345 5171 3637 5255; x_wconf 87' lang='lat' dir='ltr'>piscibus</span> 
     </span>
     <span class='ocr_line' id='line_1_45' title="bbox 431 5278 3635 5372; baseline -0.005 -14"><span class='ocrx_word' id='word_1_442' title='bbox 431 5294 813 5359; x_wconf 86' lang='lat' dir='ltr'>recentibus</span> <span class='ocrx_word' id='word_1_443' title='bbox 860 5290 1118 5354; x_wconf 89' lang='lat' dir='ltr'>XXIII</span> <span class='ocrx_word' id='word_1_444' title='bbox 1164 5311 1255 5354; x_wconf 89' lang='lat' dir='ltr'>se.</span> <span class='ocrx_word' id='word_1_445' title='bbox 1303 5290 1463 5352; x_wconf 90' lang='lat' dir='ltr'>item</span> <span class='ocrx_word' id='word_1_446' title='bbox 1510 5308 1632 5372; x_wconf 90' lang='lat' dir='ltr'>pro</span> <span class='ocrx_word' id='word_1_447' title='bbox 1679 5287 1973 5370; x_wconf 90' lang='lat' dir='ltr'>piscibus</span> <span class='ocrx_word' id='word_1_448' title='bbox 2020 5286 2211 5349; x_wconf 90' lang='lat' dir='ltr'>siccis</span> <span class='ocrx_word' id='word_1_449' title='bbox 2259 5285 2440 5348; x_wconf 91' lang='lat' dir='ltr'>XIII</span> <span class='ocrx_word' id='word_1_450' title='bbox 2457 5284 2518 5366; x_wconf 49' lang='grc' dir='ltr'>Ἲς</span> <span class='ocrx_word' id='word_1_451' title='bbox 2576 5303 2666 5346; x_wconf 91' lang='grc'>50.</span> <span class='ocrx_word' id='word_1_452' title='bbox 2731 5283 2894 5345; x_wconf 90' lang='lat' dir='ltr'>item</span> <span class='ocrx_word' id='word_1_453' title='bbox 2941 5300 3064 5364; x_wconf 88' lang='lat' dir='ltr'>pro</span> <span class='ocrx_word' id='word_1_454' title='bbox 3111 5282 3262 5343; x_wconf 88' lang='lat' dir='ltr'>oleo</span> <span class='ocrx_word' id='word_1_455' title='bbox 3308 5279 3411 5342; x_wconf 88' lang='lat' dir='ltr'>IV</span> <span class='ocrx_word' id='word_1_456' title='bbox 3425 5278 3488 5360; x_wconf 63' lang='grc' dir='ltr'>ΙΙ,</span> <span class='ocrx_word' id='word_1_457' title='bbox 3545 5297 3635 5343; x_wconf 88' lang='lat' dir='ltr'>sc.</span> 
     </span>
     <span class='ocr_line' id='line_1_46' title="bbox 432 5375 3624 5483; baseline -0.005 -18"><span class='ocrx_word' id='word_1_458' title='bbox 432 5402 591 5465; x_wconf 82' lang='lat' dir='ltr'>item</span> <span class='ocrx_word' id='word_1_459' title='bbox 638 5421 763 5483; x_wconf 87' lang='lat' dir='ltr'>pro</span> <span class='ocrx_word' id='word_1_460' title='bbox 808 5399 1067 5462; x_wconf 89' lang='lat' dir='ltr'>XXIII</span> <span class='ocrx_word' id='word_1_461' title='bbox 1111 5397 1311 5480; x_wconf 87' lang='lat' dir='ltr'>pullis</span> <span class='ocrx_word' id='word_1_462' title='bbox 1355 5415 1557 5478; x_wconf 89' lang='lat' dir='ltr'>super</span> <span class='ocrx_word' id='word_1_463' title='bbox 1598 5384 1903 5459; x_wconf 74' lang='lat' dir='ltr'>⁴falcones</span> <span class='ocrx_word' id='word_1_464' title='bbox 1951 5405 2019 5457; x_wconf 90' lang='lat' dir='ltr'>et</span> <span class='ocrx_word' id='word_1_465' title='bbox 2064 5393 2416 5476; x_wconf 83' lang='lat' dir='ltr'>accipitros</span> <span class='ocrx_word' id='word_1_466' title='bbox 2462 5403 2530 5456; x_wconf 92' lang='lat' dir='ltr'>et</span> <span class='ocrx_word' id='word_1_467' title='bbox 2575 5410 2778 5472; x_wconf 88' lang='lat' dir='ltr'>super</span> <span class='ocrx_word' id='word_1_468' title='bbox 2823 5389 3156 5453; x_wconf 83' lang='lat' dir='ltr'>falconem</span> <span class='ocrx_word' id='word_1_469' title='bbox 3204 5375 3432 5451; x_wconf 84' lang='lat' dir='ltr'>album</span> <span class='ocrx_word' id='word_1_470' title='bbox 3471 5387 3546 5448; x_wconf 89' lang='lat' dir='ltr'>X</span> <span class='ocrx_word' id='word_1_471' title='bbox 3561 5386 3624 5466; x_wconf 61' lang='grc' dir='ltr'>ΙΙ,</span> 
     </span>
     <span class='ocr_line' id='line_1_47' title="bbox 432 5493 3634 5590; baseline -0.006 -16"><span class='ocrx_word' id='word_1_472' title='bbox 432 5530 525 5574; x_wconf 88' lang='grc'>50.</span> <span class='ocrx_word' id='word_1_473' title='bbox 571 5509 729 5572; x_wconf 89' lang='lat' dir='ltr'>item</span> <span class='ocrx_word' id='word_1_474' title='bbox 779 5527 902 5590; x_wconf 90' lang='lat' dir='ltr'>pro</span> <span class='ocrx_word' id='word_1_475' title='bbox 948 5504 1120 5569; x_wconf 88' lang='lat' dir='ltr'>VIII</span> <span class='ocrx_word' id='word_1_476' title='bbox 1168 5503 1495 5567; x_wconf 88' lang='lat' dir='ltr'>columbis</span> <span class='ocrx_word' id='word_1_477' title='bbox 1543 5503 1610 5566; x_wconf 96' lang='lat' dir='ltr'>II</span> <span class='ocrx_word' id='word_1_478' title='bbox 1657 5525 1749 5567; x_wconf 90' lang='grc'>50.</span> <span class='ocrx_word' id='word_1_479' title='bbox 1814 5503 1975 5565; x_wconf 89' lang='lat' dir='ltr'>item</span> <span class='ocrx_word' id='word_1_480' title='bbox 2036 5523 2156 5584; x_wconf 90' lang='lat' dir='ltr'>pro</span> <span class='ocrx_word' id='word_1_481' title='bbox 2204 5501 2269 5563; x_wconf 90' lang='lat' dir='ltr'>V</span> <span class='ocrx_word' id='word_1_482' title='bbox 2321 5499 2697 5562; x_wconf 86' lang='lat' dir='ltr'>octualibus</span> <span class='ocrx_word' id='word_1_483' title='bbox 2761 5495 3040 5560; x_wconf 88' lang='lat' dir='ltr'>ceruisie</span> <span class='ocrx_word' id='word_1_484' title='bbox 3104 5497 3190 5558; x_wconf 86' lang='lat' dir='ltr'>ad</span> <span class='ocrx_word' id='word_1_485' title='bbox 3239 5493 3634 5558; x_wconf 88' lang='lat' dir='ltr'>effusionem</span> 
     </span>
    </p>
   </div>
  </div>
 </body>
</html>
