<?xml version="1.0" encoding="UTF-8"?>
<!DOCTYPE html PUBLIC "-//W3C//DTD XHTML 1.0 Transitional//EN"
    "http://www.w3.org/TR/xhtml1/DTD/xhtml1-transitional.dtd">
<html xmlns="http://www.w3.org/1999/xhtml" xml:lang="en" lang="en">
 <head>
  <title>
</title>
<meta http-equiv="Content-Type" content="text/html;charset=utf-8" />
  <meta name='ocr-system' content='tesseract 3.04.00' />
  <meta name='ocr-capabilities' content='ocr_page ocr_carea ocr_par ocr_line ocrx_word'/>
</head>
<body>
  <div class='ocr_page' id='page_1' title='image "./rachunkidworukr00unkngoog_0261.png"; bbox 0 0 4592 6559; ppageno 0'>
   <div class='ocr_carea' id='block_1_1' title="bbox 963 506 3499 587">
    <p class='ocr_par' dir='ltr' id='par_1_1' title="bbox 963 506 3499 587">
     <span class='ocr_line' id='line_1_1' title="bbox 963 506 3499 587; baseline 0.002 -22"><span class='ocrx_word' id='word_1_1' title='bbox 963 523 1088 584; x_wconf 84' lang='lat'>250</span> <span class='ocrx_word' id='word_1_2' title='bbox 1615 517 1995 583; x_wconf 85' lang='lat' dir='ltr'>REJESTRA</span> <span class='ocrx_word' id='word_1_3' title='bbox 2041 517 2557 580; x_wconf 63' lang='lat' dir='ltr'>PoDRzECTWA</span> <span class='ocrx_word' id='word_1_4' title='bbox 2604 506 3261 570; x_wconf 68' lang='lat' dir='ltr'>Konczn&#39;rsmmo,</span> <span class='ocrx_word' id='word_1_5' title='bbox 3321 527 3499 587; x_wconf 83' lang='lat'>1394.</span> 
     </span>
    </p>
   </div>
   <div class='ocr_carea' id='block_1_2' title="bbox 937 717 4157 4352">
    <p class='ocr_par' dir='ltr' id='par_1_2' title="bbox 954 717 4157 1126">
     <span class='ocr_line' id='line_1_2' title="bbox 1171 717 4157 803; baseline 0 -22"><span class='ocrx_word' id='word_1_6' title='bbox 1171 717 1368 781; x_wconf 83' lang='lat' dir='ltr'>Feria</span> <span class='ocrx_word' id='word_1_7' title='bbox 1413 718 1481 780; x_wconf 93' lang='lat' dir='ltr'>II</span> <span class='ocrx_word' id='word_1_8' title='bbox 1529 717 1730 800; x_wconf 78' lang='lat' dir='ltr'><em>(31s8)</em></span> <span class='ocrx_word' id='word_1_9' title='bbox 1776 721 1913 782; x_wconf 88' lang='lat' dir='ltr'>dno</span> <span class='ocrx_word' id='word_1_10' title='bbox 1960 719 2146 803; x_wconf 85' lang='lat' dir='ltr'>Regi</span> <span class='ocrx_word' id='word_1_11' title='bbox 2192 721 2278 783; x_wconf 90' lang='lat' dir='ltr'>ad</span> <span class='ocrx_word' id='word_1_12' title='bbox 2326 719 2713 802; x_wconf 84' lang='lat' dir='ltr'>prandium:</span> <span class='ocrx_word' id='word_1_13' title='bbox 2762 739 2884 802; x_wconf 91' lang='lat' dir='ltr'>pro</span> <span class='ocrx_word' id='word_1_14' title='bbox 2932 720 2964 782; x_wconf 99' lang='lat' dir='ltr'><strong>I</strong></span> <span class='ocrx_word' id='word_1_15' title='bbox 3010 722 3188 783; x_wconf 93' lang='lat' dir='ltr'>boue</span> <span class='ocrx_word' id='word_1_16' title='bbox 3236 720 3414 782; x_wconf 90' lang='lat' dir='ltr'>XVI</span> <span class='ocrx_word' id='word_1_17' title='bbox 3450 721 3635 794; x_wconf 86' lang='lat' dir='ltr'>scoti,</span> <span class='ocrx_word' id='word_1_18' title='bbox 3680 741 3800 803; x_wconf 87' lang='lat' dir='ltr'>pro</span> <span class='ocrx_word' id='word_1_19' title='bbox 3840 721 3942 784; x_wconf 88' lang='grc' dir='ltr'>ΙΙΙ</span> <span class='ocrx_word' id='word_1_20' title='bbox 3988 720 4157 783; x_wconf 83' lang='lat' dir='ltr'>arie-</span> 
     </span>
     <span class='ocr_line' id='line_1_3' title="bbox 956 825 4157 913; baseline 0.001 -26"><span class='ocrx_word' id='word_1_21' title='bbox 956 826 1134 888; x_wconf 87' lang='lat' dir='ltr'><strong>tibus</strong></span> <span class='ocrx_word' id='word_1_22' title='bbox 1179 825 1326 888; x_wconf 92' lang='lat' dir='ltr'>XII</span> <span class='ocrx_word' id='word_1_23' title='bbox 1373 827 1558 901; x_wconf 88' lang='lat' dir='ltr'>scoti,</span> <span class='ocrx_word' id='word_1_24' title='bbox 1611 847 1734 908; x_wconf 92' lang='lat' dir='ltr'>pro</span> <span class='ocrx_word' id='word_1_25' title='bbox 1783 827 2010 888; x_wconf 87' lang='lat' dir='ltr'>XXX</span> <span class='ocrx_word' id='word_1_26' title='bbox 2061 827 2297 908; x_wconf 86' lang='lat' dir='ltr'>(pullis)</span> <span class='ocrx_word' id='word_1_27' title='bbox 2346 826 2454 889; x_wconf 91' lang='lat' dir='ltr'>IX</span> <span class='ocrx_word' id='word_1_28' title='bbox 2502 828 2669 890; x_wconf 87' lang='lat' dir='ltr'>scoti</span> <span class='ocrx_word' id='word_1_29' title='bbox 2733 827 2877 890; x_wconf 91' lang='lat' dir='ltr'>XII</span> <span class='ocrx_word' id='word_1_30' title='bbox 2923 829 3073 892; x_wconf 87' lang='lat' dir='ltr'>den.</span> <span class='ocrx_word' id='word_1_31' title='bbox 3138 847 3261 910; x_wconf 91' lang='lat' dir='ltr'>pro</span> <span class='ocrx_word' id='word_1_32' title='bbox 3308 827 3496 892; x_wconf 91' lang='lat' dir='ltr'>CLX</span> <span class='ocrx_word' id='word_1_33' title='bbox 3561 828 3709 891; x_wconf 90' lang='lat' dir='ltr'>ouis</span> <span class='ocrx_word' id='word_1_34' title='bbox 3754 828 3819 889; x_wconf 91' lang='lat' dir='ltr'>V</span> <span class='ocrx_word' id='word_1_35' title='bbox 3868 848 3969 913; x_wconf 90' lang='lat' dir='ltr'>gr.</span> <span class='ocrx_word' id='word_1_36' title='bbox 4034 848 4157 911; x_wconf 90' lang='lat' dir='ltr'>pro</span> 
     </span>
     <span class='ocr_line' id='line_1_4' title="bbox 954 932 4155 1019; baseline 0.002 -26"><span class='ocrx_word' id='word_1_37' title='bbox 954 932 1127 996; x_wconf 92' lang='lat' dir='ltr'><strong>VIII</strong></span> <span class='ocrx_word' id='word_1_38' title='bbox 1174 933 1384 996; x_wconf 84' lang='lat' dir='ltr'>caseis</span> <span class='ocrx_word' id='word_1_39' title='bbox 1432 934 1463 995; x_wconf 93' lang='grc' dir='ltr'>Ι</span> <span class='ocrx_word' id='word_1_40' title='bbox 1509 944 1671 997; x_wconf 85' lang='lat' dir='ltr'>scot.</span> <span class='ocrx_word' id='word_1_41' title='bbox 1737 955 1859 1016; x_wconf 91' lang='lat' dir='ltr'>pro</span> <span class='ocrx_word' id='word_1_42' title='bbox 1915 933 1983 996; x_wconf 95' lang='lat' dir='ltr'>II</span> <span class='ocrx_word' id='word_1_43' title='bbox 2030 935 2178 997; x_wconf 89' lang='lat' dir='ltr'>ollis</span> <span class='ocrx_word' id='word_1_44' title='bbox 2223 934 2424 997; x_wconf 88' lang='lat' dir='ltr'>butiri</span> <span class='ocrx_word' id='word_1_45' title='bbox 2472 934 2651 1016; x_wconf 62' lang='lat' dir='ltr'><strong>V11s2</strong></span> <span class='ocrx_word' id='word_1_46' title='bbox 2710 956 2809 1018; x_wconf 87' lang='lat' dir='ltr'>gr.</span> <span class='ocrx_word' id='word_1_47' title='bbox 2876 955 2999 1017; x_wconf 90' lang='lat' dir='ltr'>pro</span> <span class='ocrx_word' id='word_1_48' title='bbox 3064 937 3238 1000; x_wconf 85' lang='lat' dir='ltr'>lacte</span> <span class='ocrx_word' id='word_1_49' title='bbox 3302 946 3370 998; x_wconf 84' lang='lat' dir='ltr'>et</span> <span class='ocrx_word' id='word_1_50' title='bbox 3434 955 3663 1000; x_wconf 87' lang='lat' dir='ltr'>crema</span> <span class='ocrx_word' id='word_1_51' title='bbox 3718 935 3821 999; x_wconf 94' lang='lat' dir='ltr'>III</span> <span class='ocrx_word' id='word_1_52' title='bbox 3868 956 3967 1019; x_wconf 89' lang='lat' dir='ltr'>gr.</span> <span class='ocrx_word' id='word_1_53' title='bbox 4032 956 4155 1018; x_wconf 87' lang='lat' dir='ltr'>pro</span> 
     </span>
     <span class='ocr_line' id='line_1_5' title="bbox 955 1040 4020 1126; baseline 0.001 -24"><span class='ocrx_word' id='word_1_54' title='bbox 955 1041 1155 1104; x_wconf 88' lang='lat' dir='ltr'>mileo</span> <span class='ocrx_word' id='word_1_55' title='bbox 1201 1040 1234 1102; x_wconf 95' lang='lat' dir='ltr'><strong>I</strong></span> <span class='ocrx_word' id='word_1_56' title='bbox 1281 1051 1442 1104; x_wconf 87' lang='lat' dir='ltr'>scot.</span> <span class='ocrx_word' id='word_1_57' title='bbox 1488 1061 1611 1123; x_wconf 89' lang='lat' dir='ltr'>pro</span> <span class='ocrx_word' id='word_1_58' title='bbox 1657 1050 1849 1104; x_wconf 86' lang='lat' dir='ltr'>aceto</span> <span class='ocrx_word' id='word_1_59' title='bbox 1897 1041 1928 1103; x_wconf 95' lang='lat' dir='ltr'><strong>I</strong></span> <span class='ocrx_word' id='word_1_60' title='bbox 1977 1062 2076 1124; x_wconf 87' lang='lat' dir='ltr'>gr.</span> <span class='ocrx_word' id='word_1_61' title='bbox 2123 1061 2245 1123; x_wconf 89' lang='lat' dir='ltr'>pro</span> <span class='ocrx_word' id='word_1_62' title='bbox 2291 1042 2438 1123; x_wconf 90' lang='lat' dir='ltr'>piso</span> <span class='ocrx_word' id='word_1_63' title='bbox 2486 1042 2517 1103; x_wconf 95' lang='lat' dir='ltr'><strong>I</strong></span> <span class='ocrx_word' id='word_1_64' title='bbox 2566 1063 2665 1126; x_wconf 87' lang='lat' dir='ltr'>gr.</span> <span class='ocrx_word' id='word_1_65' title='bbox 2712 1062 2835 1125; x_wconf 92' lang='lat' dir='ltr'>pro</span> <span class='ocrx_word' id='word_1_66' title='bbox 2883 1043 2985 1106; x_wconf 95' lang='lat' dir='ltr'>III</span> <span class='ocrx_word' id='word_1_67' title='bbox 3032 1043 3405 1106; x_wconf 85' lang='lat' dir='ltr'>octualibus</span> <span class='ocrx_word' id='word_1_68' title='bbox 3453 1043 3733 1107; x_wconf 87' lang='lat' dir='ltr'>ceruisie</span> <span class='ocrx_word' id='word_1_69' title='bbox 3778 1043 3811 1105; x_wconf 96' lang='lat' dir='ltr'><strong>I</strong></span> <span class='ocrx_word' id='word_1_70' title='bbox 3857 1063 4020 1106; x_wconf 86' lang='lat' dir='ltr'>mar.</span> 
     </span>
    </p>

    <p class='ocr_par' dir='ltr' id='par_1_3' title="bbox 950 1148 4155 1664">
     <span class='ocr_line' id='line_1_6' title="bbox 1169 1148 4142 1235; baseline 0.001 -25"><span class='ocrx_word' id='word_1_71' title='bbox 1169 1149 1322 1211; x_wconf 93' lang='lat' dir='ltr'>Dne</span> <span class='ocrx_word' id='word_1_72' title='bbox 1369 1149 1645 1234; x_wconf 88' lang='lat' dir='ltr'>Regine</span> <span class='ocrx_word' id='word_1_73' title='bbox 1691 1150 1778 1212; x_wconf 83' lang='lat' dir='ltr'>ad</span> <span class='ocrx_word' id='word_1_74' title='bbox 1824 1149 2212 1230; x_wconf 82' lang='lat' dir='ltr'>prandium:</span> <span class='ocrx_word' id='word_1_75' title='bbox 2277 1170 2403 1232; x_wconf 94' lang='lat' dir='ltr'>pro</span> <span class='ocrx_word' id='word_1_76' title='bbox 2450 1169 2660 1214; x_wconf 83' lang='lat' dir='ltr'>vacca</span> <span class='ocrx_word' id='word_1_77' title='bbox 2723 1148 2937 1214; x_wconf 89' lang='lat' dir='ltr'><strong>XVII</strong></span> <span class='ocrx_word' id='word_1_78' title='bbox 3002 1151 3191 1226; x_wconf 86' lang='lat' dir='ltr'>scoti,</span> <span class='ocrx_word' id='word_1_79' title='bbox 3257 1171 3380 1235; x_wconf 88' lang='lat' dir='ltr'>pro</span> <span class='ocrx_word' id='word_1_80' title='bbox 3445 1150 3548 1214; x_wconf 91' lang='lat' dir='ltr'>III</span> <span class='ocrx_word' id='word_1_81' title='bbox 3612 1152 3927 1216; x_wconf 85' lang='lat' dir='ltr'>arietibus</span> <span class='ocrx_word' id='word_1_82' title='bbox 3990 1151 4142 1232; x_wconf 65' lang='lat' dir='ltr'><strong>X¹j2</strong></span> 
     </span>
     <span class='ocr_line' id='line_1_7' title="bbox 952 1255 4155 1342; baseline 0.001 -24"><span class='ocrx_word' id='word_1_83' title='bbox 952 1257 1136 1330; x_wconf 88' lang='lat' dir='ltr'>scoti,</span> <span class='ocrx_word' id='word_1_84' title='bbox 1185 1277 1307 1338; x_wconf 92' lang='lat' dir='ltr'>pro</span> <span class='ocrx_word' id='word_1_85' title='bbox 1354 1256 1456 1318; x_wconf 96' lang='lat' dir='ltr'><strong>IV</strong></span> <span class='ocrx_word' id='word_1_86' title='bbox 1501 1256 1760 1340; x_wconf 89' lang='lat' dir='ltr'>sugillis</span> <span class='ocrx_word' id='word_1_87' title='bbox 1806 1257 1875 1319; x_wconf 95' lang='lat' dir='ltr'>II</span> <span class='ocrx_word' id='word_1_88' title='bbox 1921 1257 2088 1319; x_wconf 88' lang='lat' dir='ltr'>scoti</span> <span class='ocrx_word' id='word_1_89' title='bbox 2151 1256 2254 1319; x_wconf 90' lang='lat' dir='ltr'><strong>IV</strong></span> <span class='ocrx_word' id='word_1_90' title='bbox 2302 1258 2451 1322; x_wconf 90' lang='lat' dir='ltr'>den.</span> <span class='ocrx_word' id='word_1_91' title='bbox 2519 1278 2641 1339; x_wconf 92' lang='lat' dir='ltr'>pro</span> <span class='ocrx_word' id='word_1_92' title='bbox 2690 1255 2826 1320; x_wconf 93' lang='lat' dir='ltr'>VII</span> <span class='ocrx_word' id='word_1_93' title='bbox 2892 1259 3075 1322; x_wconf 84' lang='lat' dir='ltr'>aucis</span> <span class='ocrx_word' id='word_1_94' title='bbox 3120 1257 3257 1321; x_wconf 93' lang='lat' dir='ltr'>VII</span> <span class='ocrx_word' id='word_1_95' title='bbox 3314 1279 3411 1342; x_wconf 87' lang='lat' dir='ltr'>gr.</span> <span class='ocrx_word' id='word_1_96' title='bbox 3475 1279 3600 1341; x_wconf 80' lang='lat' dir='ltr'>pro</span> <span class='ocrx_word' id='word_1_97' title='bbox 3664 1259 3891 1321; x_wconf 90' lang='lat' dir='ltr'>XXX</span> <span class='ocrx_word' id='word_1_98' title='bbox 3956 1259 4155 1342; x_wconf 87' lang='lat' dir='ltr'>pullis</span> 
     </span>
     <span class='ocr_line' id='line_1_8' title="bbox 952 1362 4153 1450; baseline 0.001 -24"><span class='ocrx_word' id='word_1_99' title='bbox 952 1364 1062 1426; x_wconf 91' lang='lat' dir='ltr'>IX</span> <span class='ocrx_word' id='word_1_100' title='bbox 1108 1363 1277 1426; x_wconf 86' lang='lat' dir='ltr'>scoti</span> <span class='ocrx_word' id='word_1_101' title='bbox 1325 1363 1468 1426; x_wconf 93' lang='lat' dir='ltr'>XII</span> <span class='ocrx_word' id='word_1_102' title='bbox 1517 1365 1666 1428; x_wconf 91' lang='lat' dir='ltr'>den.</span> <span class='ocrx_word' id='word_1_103' title='bbox 1713 1384 1835 1446; x_wconf 92' lang='lat' dir='ltr'>pro</span> <span class='ocrx_word' id='word_1_104' title='bbox 1883 1362 1992 1428; x_wconf 94' lang='lat' dir='ltr'>CC</span> <span class='ocrx_word' id='word_1_105' title='bbox 2041 1364 2186 1427; x_wconf 88' lang='lat' dir='ltr'>ouis</span> <span class='ocrx_word' id='word_1_106' title='bbox 2233 1364 2301 1425; x_wconf 91' lang='lat' dir='ltr'><strong>V</strong></span> <span class='ocrx_word' id='word_1_107' title='bbox 2348 1385 2449 1450; x_wconf 83' lang='lat' dir='ltr'>gr.</span> <span class='ocrx_word' id='word_1_108' title='bbox 2514 1385 2635 1446; x_wconf 89' lang='lat' dir='ltr'>pro</span> <span class='ocrx_word' id='word_1_109' title='bbox 2682 1364 2856 1428; x_wconf 90' lang='lat' dir='ltr'><strong>VIII</strong></span> <span class='ocrx_word' id='word_1_110' title='bbox 2900 1365 3113 1428; x_wconf 85' lang='lat' dir='ltr'>caseis</span> <span class='ocrx_word' id='word_1_111' title='bbox 3160 1366 3193 1428; x_wconf 95' lang='lat' dir='ltr'><strong>I</strong></span> <span class='ocrx_word' id='word_1_112' title='bbox 3240 1378 3401 1429; x_wconf 89' lang='lat' dir='ltr'>scot.</span> <span class='ocrx_word' id='word_1_113' title='bbox 3466 1386 3590 1450; x_wconf 91' lang='lat' dir='ltr'>pro</span> <span class='ocrx_word' id='word_1_114' title='bbox 3654 1367 3785 1429; x_wconf 84' lang='lat' dir='ltr'>olla</span> <span class='ocrx_word' id='word_1_115' title='bbox 3840 1366 4039 1429; x_wconf 90' lang='lat' dir='ltr'>butiri</span> <span class='ocrx_word' id='word_1_116' title='bbox 4085 1366 4153 1429; x_wconf 92' lang='grc' dir='ltr'>Π</span> 
     </span>
     <span class='ocr_line' id='line_1_9' title="bbox 951 1471 4150 1558; baseline 0.001 -25"><span class='ocrx_word' id='word_1_117' title='bbox 951 1471 1134 1545; x_wconf 87' lang='lat' dir='ltr'>scoti,</span> <span class='ocrx_word' id='word_1_118' title='bbox 1181 1491 1303 1552; x_wconf 89' lang='lat' dir='ltr'>pro</span> <span class='ocrx_word' id='word_1_119' title='bbox 1350 1473 1523 1534; x_wconf 85' lang='lat' dir='ltr'>lacte</span> <span class='ocrx_word' id='word_1_120' title='bbox 1571 1481 1638 1534; x_wconf 89' lang='lat' dir='ltr'>et</span> <span class='ocrx_word' id='word_1_121' title='bbox 1684 1491 1910 1534; x_wconf 83' lang='lat' dir='ltr'>crema</span> <span class='ocrx_word' id='word_1_122' title='bbox 1956 1471 2023 1533; x_wconf 87' lang='lat' dir='ltr'>H</span> <span class='ocrx_word' id='word_1_123' title='bbox 2069 1472 2252 1548; x_wconf 88' lang='lat' dir='ltr'>scoti,</span> <span class='ocrx_word' id='word_1_124' title='bbox 2320 1493 2441 1555; x_wconf 91' lang='lat' dir='ltr'>pro</span> <span class='ocrx_word' id='word_1_125' title='bbox 2489 1471 2689 1535; x_wconf 80' lang='lat' dir='ltr'>mileo</span> <span class='ocrx_word' id='word_1_126' title='bbox 2734 1472 2767 1534; x_wconf 95' lang='lat' dir='ltr'><strong>I</strong></span> <span class='ocrx_word' id='word_1_127' title='bbox 2816 1494 2913 1556; x_wconf 89' lang='lat' dir='ltr'>gr.</span> <span class='ocrx_word' id='word_1_128' title='bbox 2962 1474 3039 1536; x_wconf 92' lang='lat' dir='ltr'><strong>X</strong></span> <span class='ocrx_word' id='word_1_129' title='bbox 3082 1475 3231 1536; x_wconf 89' lang='lat' dir='ltr'>den.</span> <span class='ocrx_word' id='word_1_130' title='bbox 3296 1494 3419 1556; x_wconf 88' lang='lat' dir='ltr'>pro</span> <span class='ocrx_word' id='word_1_131' title='bbox 3476 1483 3667 1536; x_wconf 84' lang='lat' dir='ltr'>aceto</span> <span class='ocrx_word' id='word_1_132' title='bbox 3714 1473 3816 1537; x_wconf 92' lang='lat' dir='ltr'>III</span> <span class='ocrx_word' id='word_1_133' title='bbox 3864 1494 3963 1558; x_wconf 87' lang='lat' dir='ltr'>gr.</span> <span class='ocrx_word' id='word_1_134' title='bbox 4032 1493 4150 1557; x_wconf 88' lang='lat' dir='ltr'>pro</span> 
     </span>
     <span class='ocr_line' id='line_1_10' title="bbox 950 1579 3491 1664; baseline 0.001 -22"><span class='ocrx_word' id='word_1_135' title='bbox 950 1579 1234 1642; x_wconf 89' lang='lat' dir='ltr'>nucibus</span> <span class='ocrx_word' id='word_1_136' title='bbox 1280 1589 1347 1642; x_wconf 86' lang='lat' dir='ltr'>et</span> <span class='ocrx_word' id='word_1_137' title='bbox 1391 1579 1710 1663; x_wconf 87' lang='lat' dir='ltr'>prunellis</span> <span class='ocrx_word' id='word_1_138' title='bbox 1756 1579 1858 1642; x_wconf 94' lang='lat' dir='ltr'>III</span> <span class='ocrx_word' id='word_1_139' title='bbox 1903 1600 2002 1664; x_wconf 90' lang='lat' dir='ltr'>gr.</span> <span class='ocrx_word' id='word_1_140' title='bbox 2049 1579 2239 1661; x_wconf 81' lang='lat' dir='ltr'>panis</span> <span class='ocrx_word' id='word_1_141' title='bbox 2286 1589 2355 1642; x_wconf 86' lang='lat' dir='ltr'>et</span> <span class='ocrx_word' id='word_1_142' title='bbox 2401 1579 2681 1643; x_wconf 82' lang='lat' dir='ltr'>ceruisia</span> <span class='ocrx_word' id='word_1_143' title='bbox 2728 1579 2829 1642; x_wconf 93' lang='lat' dir='ltr'>III</span> <span class='ocrx_word' id='word_1_144' title='bbox 2877 1580 3164 1644; x_wconf 85' lang='lat' dir='ltr'>octualia</span> <span class='ocrx_word' id='word_1_145' title='bbox 3207 1582 3491 1664; x_wconf 83' lang='lat' dir='ltr'>propria.</span> 
     </span>
    </p>

    <p class='ocr_par' dir='ltr' id='par_1_4' title="bbox 1163 1686 2543 1771">
     <span class='ocr_line' id='line_1_11' title="bbox 1163 1686 2543 1771; baseline 0.001 -22"><span class='ocrx_word' id='word_1_146' title='bbox 1163 1687 1339 1749; x_wconf 91' lang='lat' dir='ltr'>Duci</span> <span class='ocrx_word' id='word_1_147' title='bbox 1391 1686 1810 1771; x_wconf 84' lang='lat' dir='ltr'>Scargelloni</span> <span class='ocrx_word' id='word_1_148' title='bbox 1857 1687 1924 1750; x_wconf 87' lang='lat' dir='ltr'>in</span> <span class='ocrx_word' id='word_1_149' title='bbox 1971 1687 2218 1769; x_wconf 80' lang='lat' dir='ltr'>paratis</span> <span class='ocrx_word' id='word_1_150' title='bbox 2267 1688 2334 1750; x_wconf 93' lang='lat' dir='ltr'>II</span> <span class='ocrx_word' id='word_1_151' title='bbox 2382 1708 2543 1750; x_wconf 82' lang='lat' dir='ltr'>mar.</span> 
     </span>
    </p>

    <p class='ocr_par' dir='ltr' id='par_1_5' title="bbox 1165 1794 2076 1859">
     <span class='ocr_line' id='line_1_12' title="bbox 1165 1794 2076 1859; baseline 0.001 -3"><span class='ocrx_word' id='word_1_152' title='bbox 1165 1795 1322 1857; x_wconf 91' lang='lat' dir='ltr'>Dno</span> <span class='ocrx_word' id='word_1_153' title='bbox 1369 1794 1698 1859; x_wconf 86' lang='lat' dir='ltr'>Dimetrio</span> <span class='ocrx_word' id='word_1_154' title='bbox 1745 1795 1847 1858; x_wconf 91' lang='lat' dir='ltr'><strong>VI</strong></span> <span class='ocrx_word' id='word_1_155' title='bbox 1893 1795 2076 1858; x_wconf 88' lang='lat' dir='ltr'>scoti.</span> 
     </span>
    </p>

    <p class='ocr_par' dir='ltr' id='par_1_6' title="bbox 950 1902 4147 2093">
     <span class='ocr_line' id='line_1_13' title="bbox 1165 1902 4147 1988; baseline 0 -24"><span class='ocrx_word' id='word_1_156' title='bbox 1165 1903 1321 1985; x_wconf 89' lang='lat' dir='ltr'>Ipso</span> <span class='ocrx_word' id='word_1_157' title='bbox 1386 1903 1494 1966; x_wconf 87' lang='lat' dir='ltr'>die</span> <span class='ocrx_word' id='word_1_158' title='bbox 1559 1923 1683 1985; x_wconf 92' lang='lat' dir='ltr'>pro</span> <span class='ocrx_word' id='word_1_159' title='bbox 1747 1902 1896 1966; x_wconf 90' lang='lat' dir='ltr'>ollis</span> <span class='ocrx_word' id='word_1_160' title='bbox 1961 1903 2048 1965; x_wconf 84' lang='lat' dir='ltr'>ad</span> <span class='ocrx_word' id='word_1_161' title='bbox 2115 1902 2471 1986; x_wconf 84' lang='lat' dir='ltr'>coquinam</span> <span class='ocrx_word' id='word_1_162' title='bbox 2538 1902 2571 1964; x_wconf 99' lang='lat' dir='ltr'><strong>I</strong></span> <span class='ocrx_word' id='word_1_163' title='bbox 2626 1911 2789 1968; x_wconf 88' lang='lat' dir='ltr'>scot.</span> <span class='ocrx_word' id='word_1_164' title='bbox 2855 1902 2960 1965; x_wconf 92' lang='lat' dir='ltr'><strong>IV</strong></span> <span class='ocrx_word' id='word_1_165' title='bbox 3020 1904 3168 1968; x_wconf 87' lang='lat' dir='ltr'>den.</span> <span class='ocrx_word' id='word_1_166' title='bbox 3233 1924 3357 1988; x_wconf 89' lang='lat' dir='ltr'>pro</span> <span class='ocrx_word' id='word_1_167' title='bbox 3422 1905 3703 1968; x_wconf 87' lang='lat' dir='ltr'>olliculis</span> <span class='ocrx_word' id='word_1_168' title='bbox 3768 1905 3854 1967; x_wconf 87' lang='lat' dir='ltr'>ad</span> <span class='ocrx_word' id='word_1_169' title='bbox 3919 1904 4147 1967; x_wconf 90' lang='lat' dir='ltr'>biben-</span> 
     </span>
     <span class='ocr_line' id='line_1_14' title="bbox 950 2010 1336 2093; baseline -0.005 -20"><span class='ocrx_word' id='word_1_170' title='bbox 950 2011 1110 2073; x_wconf 89' lang='lat' dir='ltr'>dum</span> <span class='ocrx_word' id='word_1_171' title='bbox 1157 2010 1191 2071; x_wconf 95' lang='lat' dir='ltr'><strong>I</strong></span> <span class='ocrx_word' id='word_1_172' title='bbox 1239 2031 1336 2093; x_wconf 81' lang='lat' dir='ltr'>gr.</span> 
     </span>
    </p>

    <p class='ocr_par' dir='ltr' id='par_1_7' title="bbox 946 2117 4147 2524">
     <span class='ocr_line' id='line_1_15' title="bbox 1161 2117 4147 2201; baseline -0 -22"><span class='ocrx_word' id='word_1_173' title='bbox 1161 2117 1318 2180; x_wconf 92' lang='lat' dir='ltr'>Dno</span> <span class='ocrx_word' id='word_1_174' title='bbox 1365 2117 1554 2201; x_wconf 85' lang='lat' dir='ltr'>Regi</span> <span class='ocrx_word' id='word_1_175' title='bbox 1599 2119 1686 2181; x_wconf 85' lang='lat' dir='ltr'>ad</span> <span class='ocrx_word' id='word_1_176' title='bbox 1733 2137 2004 2180; x_wconf 87' lang='lat' dir='ltr'>cenam:</span> <span class='ocrx_word' id='word_1_177' title='bbox 2053 2138 2176 2200; x_wconf 83' lang='lat' dir='ltr'>pro</span> <span class='ocrx_word' id='word_1_178' title='bbox 2223 2137 2435 2180; x_wconf 86' lang='lat' dir='ltr'>vacca</span> <span class='ocrx_word' id='word_1_179' title='bbox 2480 2117 2695 2180; x_wconf 90' lang='lat' dir='ltr'><strong>XVII</strong></span> <span class='ocrx_word' id='word_1_180' title='bbox 2740 2118 2924 2191; x_wconf 88' lang='lat' dir='ltr'>scoti,</span> <span class='ocrx_word' id='word_1_181' title='bbox 2972 2138 3093 2200; x_wconf 89' lang='lat' dir='ltr'>pro</span> <span class='ocrx_word' id='word_1_182' title='bbox 3130 2119 3235 2181; x_wconf 93' lang='lat' dir='ltr'>III</span> <span class='ocrx_word' id='word_1_183' title='bbox 3272 2119 3576 2184; x_wconf 83' lang='lat' dir='ltr'>castratis</span> <span class='ocrx_word' id='word_1_184' title='bbox 3614 2119 3758 2181; x_wconf 90' lang='lat' dir='ltr'>XII</span> <span class='ocrx_word' id='word_1_185' title='bbox 3796 2117 3980 2193; x_wconf 88' lang='lat' dir='ltr'>scoti,</span> <span class='ocrx_word' id='word_1_186' title='bbox 4026 2138 4147 2200; x_wconf 88' lang='lat' dir='ltr'>pro</span> 
     </span>
     <span class='ocr_line' id='line_1_16' title="bbox 949 2224 4145 2309; baseline 0 -23"><span class='ocrx_word' id='word_1_187' title='bbox 949 2224 1048 2286; x_wconf 94' lang='lat' dir='ltr'><strong>IV</strong></span> <span class='ocrx_word' id='word_1_188' title='bbox 1095 2225 1356 2309; x_wconf 81' lang='lat' dir='ltr'>sugillis</span> <span class='ocrx_word' id='word_1_189' title='bbox 1403 2225 1504 2286; x_wconf 91' lang='lat' dir='ltr'>III</span> <span class='ocrx_word' id='word_1_190' title='bbox 1551 2225 1736 2300; x_wconf 87' lang='lat' dir='ltr'>scoti,</span> <span class='ocrx_word' id='word_1_191' title='bbox 1803 2245 1925 2308; x_wconf 89' lang='lat' dir='ltr'>pro</span> <span class='ocrx_word' id='word_1_192' title='bbox 1972 2225 2202 2287; x_wconf 89' lang='lat' dir='ltr'>XXX</span> <span class='ocrx_word' id='word_1_193' title='bbox 2249 2226 2447 2307; x_wconf 84' lang='lat' dir='ltr'>pullis</span> <span class='ocrx_word' id='word_1_194' title='bbox 2495 2225 2605 2287; x_wconf 90' lang='lat' dir='ltr'>IX</span> <span class='ocrx_word' id='word_1_195' title='bbox 2652 2226 2817 2288; x_wconf 87' lang='lat' dir='ltr'>scoti</span> <span class='ocrx_word' id='word_1_196' title='bbox 2887 2226 3029 2290; x_wconf 91' lang='lat' dir='ltr'>XII</span> <span class='ocrx_word' id='word_1_197' title='bbox 3077 2228 3225 2290; x_wconf 87' lang='lat' dir='ltr'>den.</span> <span class='ocrx_word' id='word_1_198' title='bbox 3292 2248 3415 2309; x_wconf 92' lang='lat' dir='ltr'>pro</span> <span class='ocrx_word' id='word_1_199' title='bbox 3482 2225 3770 2291; x_wconf 91' lang='lat' dir='ltr'><strong>LXXX</strong></span> <span class='ocrx_word' id='word_1_200' title='bbox 3834 2226 3980 2288; x_wconf 88' lang='lat' dir='ltr'>ouis</span> <span class='ocrx_word' id='word_1_201' title='bbox 4044 2224 4145 2287; x_wconf 95' lang='lat' dir='ltr'>III</span> 
     </span>
     <span class='ocr_line' id='line_1_17' title="bbox 949 2332 4144 2418; baseline -0 -23"><span class='ocrx_word' id='word_1_202' title='bbox 949 2341 1164 2414; x_wconf 86' lang='lat' dir='ltr'><strong>quart.</strong></span> <span class='ocrx_word' id='word_1_203' title='bbox 1213 2353 1337 2414; x_wconf 87' lang='lat' dir='ltr'>pro</span> <span class='ocrx_word' id='word_1_204' title='bbox 1384 2332 1556 2395; x_wconf 92' lang='lat' dir='ltr'><strong>VIII</strong></span> <span class='ocrx_word' id='word_1_205' title='bbox 1602 2333 1812 2395; x_wconf 83' lang='lat' dir='ltr'>caseis</span> <span class='ocrx_word' id='word_1_206' title='bbox 1859 2333 1891 2395; x_wconf 94' lang='lat' dir='ltr'><strong>I</strong></span> <span class='ocrx_word' id='word_1_207' title='bbox 1938 2343 2099 2396; x_wconf 88' lang='lat' dir='ltr'>scot.</span> <span class='ocrx_word' id='word_1_208' title='bbox 2146 2353 2270 2415; x_wconf 92' lang='lat' dir='ltr'>pro</span> <span class='ocrx_word' id='word_1_209' title='bbox 2319 2335 2453 2396; x_wconf 83' lang='lat' dir='ltr'>olla</span> <span class='ocrx_word' id='word_1_210' title='bbox 2499 2333 2698 2395; x_wconf 89' lang='lat' dir='ltr'>butiri</span> <span class='ocrx_word' id='word_1_211' title='bbox 2747 2333 2814 2396; x_wconf 95' lang='lat' dir='ltr'>II</span> <span class='ocrx_word' id='word_1_212' title='bbox 2862 2334 3047 2410; x_wconf 84' lang='lat' dir='ltr'>scoti,</span> <span class='ocrx_word' id='word_1_213' title='bbox 3098 2355 3216 2418; x_wconf 91' lang='lat' dir='ltr'>pro</span> <span class='ocrx_word' id='word_1_214' title='bbox 3264 2337 3441 2398; x_wconf 85' lang='lat' dir='ltr'>lacte</span> <span class='ocrx_word' id='word_1_215' title='bbox 3488 2345 3555 2396; x_wconf 87' lang='lat' dir='ltr'>et</span> <span class='ocrx_word' id='word_1_216' title='bbox 3593 2355 3821 2398; x_wconf 84' lang='lat' dir='ltr'>crema</span> <span class='ocrx_word' id='word_1_217' title='bbox 3859 2333 3925 2394; x_wconf 93' lang='lat' dir='ltr'>II</span> <span class='ocrx_word' id='word_1_218' title='bbox 3964 2332 4144 2404; x_wconf 84' lang='lat' dir='ltr'>scoti,</span> 
     </span>
     <span class='ocr_line' id='line_1_18' title="bbox 946 2440 3036 2524; baseline 0.001 -23"><span class='ocrx_word' id='word_1_219' title='bbox 946 2460 1069 2523; x_wconf 91' lang='lat' dir='ltr'>pro</span> <span class='ocrx_word' id='word_1_220' title='bbox 1117 2451 1310 2503; x_wconf 84' lang='lat' dir='ltr'>aceto</span> <span class='ocrx_word' id='word_1_221' title='bbox 1356 2440 1389 2502; x_wconf 95' lang='lat' dir='ltr'><strong>I</strong></span> <span class='ocrx_word' id='word_1_222' title='bbox 1436 2460 1534 2524; x_wconf 89' lang='lat' dir='ltr'>gr.</span> <span class='ocrx_word' id='word_1_223' title='bbox 1581 2440 1772 2522; x_wconf 83' lang='lat' dir='ltr'>panis</span> <span class='ocrx_word' id='word_1_224' title='bbox 1819 2451 1886 2502; x_wconf 85' lang='lat' dir='ltr'>et</span> <span class='ocrx_word' id='word_1_225' title='bbox 1933 2440 2213 2503; x_wconf 86' lang='lat' dir='ltr'>ceruisia</span> <span class='ocrx_word' id='word_1_226' title='bbox 2261 2440 2364 2503; x_wconf 92' lang='lat' dir='ltr'>III</span> <span class='ocrx_word' id='word_1_227' title='bbox 2410 2441 2701 2504; x_wconf 80' lang='lat' dir='ltr'>octualia</span> <span class='ocrx_word' id='word_1_228' title='bbox 2746 2443 3036 2524; x_wconf 87' lang='lat' dir='ltr'>propria.</span> 
     </span>
    </p>

    <p class='ocr_par' dir='ltr' id='par_1_8' title="bbox 944 2547 4145 3170">
     <span class='ocr_line' id='line_1_19' title="bbox 1161 2547 4145 2633; baseline -0.001 -23"><span class='ocrx_word' id='word_1_229' title='bbox 1161 2548 1315 2612; x_wconf 87' lang='lat' dir='ltr'>Dne</span> <span class='ocrx_word' id='word_1_230' title='bbox 1364 2549 1638 2632; x_wconf 87' lang='lat' dir='ltr'>Regine</span> <span class='ocrx_word' id='word_1_231' title='bbox 1685 2549 1772 2611; x_wconf 84' lang='lat' dir='ltr'>ad</span> <span class='ocrx_word' id='word_1_232' title='bbox 1819 2568 2055 2611; x_wconf 83' lang='lat' dir='ltr'>cenam</span> <span class='ocrx_word' id='word_1_233' title='bbox 2106 2568 2228 2631; x_wconf 92' lang='lat' dir='ltr'>pro</span> <span class='ocrx_word' id='word_1_234' title='bbox 2277 2568 2485 2611; x_wconf 84' lang='lat' dir='ltr'>vacca</span> <span class='ocrx_word' id='word_1_235' title='bbox 2532 2547 2674 2610; x_wconf 89' lang='lat' dir='ltr'><strong>XV</strong></span> <span class='ocrx_word' id='word_1_236' title='bbox 2721 2549 2906 2624; x_wconf 86' lang='lat' dir='ltr'>scoti,</span> <span class='ocrx_word' id='word_1_237' title='bbox 2954 2569 3075 2633; x_wconf 90' lang='lat' dir='ltr'>pro</span> <span class='ocrx_word' id='word_1_238' title='bbox 3124 2550 3228 2613; x_wconf 95' lang='lat' dir='ltr'>III</span> <span class='ocrx_word' id='word_1_239' title='bbox 3276 2549 3582 2612; x_wconf 83' lang='lat' dir='ltr'>castratis</span> <span class='ocrx_word' id='word_1_240' title='bbox 3626 2549 3739 2611; x_wconf 92' lang='lat' dir='ltr'>IX</span> <span class='ocrx_word' id='word_1_241' title='bbox 3784 2548 3971 2622; x_wconf 86' lang='lat' dir='ltr'>scoti,</span> <span class='ocrx_word' id='word_1_242' title='bbox 4026 2567 4145 2629; x_wconf 90' lang='lat' dir='ltr'>pro</span> 
     </span>
     <span class='ocr_line' id='line_1_20' title="bbox 948 2654 4145 2740; baseline 0 -23"><span class='ocrx_word' id='word_1_243' title='bbox 948 2654 1052 2718; x_wconf 92' lang='lat' dir='ltr'><strong>VI</strong></span> <span class='ocrx_word' id='word_1_244' title='bbox 1098 2655 1359 2740; x_wconf 89' lang='lat' dir='ltr'>sugillis</span> <span class='ocrx_word' id='word_1_245' title='bbox 1405 2655 1620 2737; x_wconf 69' lang='lat' dir='ltr'><strong>V11¹s2</strong></span> <span class='ocrx_word' id='word_1_246' title='bbox 1680 2677 1780 2740; x_wconf 89' lang='lat' dir='ltr'>gr.</span> <span class='ocrx_word' id='word_1_247' title='bbox 1827 2676 1948 2738; x_wconf 90' lang='lat' dir='ltr'>pro</span> <span class='ocrx_word' id='word_1_248' title='bbox 1995 2655 2098 2719; x_wconf 88' lang='lat' dir='ltr'><strong>IV</strong></span> <span class='ocrx_word' id='word_1_249' title='bbox 2145 2656 2329 2718; x_wconf 84' lang='lat' dir='ltr'>aucis</span> <span class='ocrx_word' id='word_1_250' title='bbox 2374 2656 2554 2736; x_wconf 66' lang='lat' dir='ltr'>111¹J2</span> <span class='ocrx_word' id='word_1_251' title='bbox 2614 2677 2712 2739; x_wconf 87' lang='lat' dir='ltr'>gr.</span> <span class='ocrx_word' id='word_1_252' title='bbox 2762 2676 2883 2738; x_wconf 88' lang='lat' dir='ltr'>pro</span> <span class='ocrx_word' id='word_1_253' title='bbox 2930 2655 3158 2718; x_wconf 93' lang='lat' dir='ltr'>XXX</span> <span class='ocrx_word' id='word_1_254' title='bbox 3208 2657 3405 2739; x_wconf 88' lang='lat' dir='ltr'>pullis</span> <span class='ocrx_word' id='word_1_255' title='bbox 3452 2656 3561 2719; x_wconf 90' lang='lat' dir='ltr'>IX</span> <span class='ocrx_word' id='word_1_256' title='bbox 3607 2655 3777 2719; x_wconf 83' lang='lat' dir='ltr'>scoti</span> <span class='ocrx_word' id='word_1_257' title='bbox 3814 2655 3959 2717; x_wconf 94' lang='lat' dir='ltr'>XII</span> <span class='ocrx_word' id='word_1_258' title='bbox 3997 2655 4145 2717; x_wconf 87' lang='lat' dir='ltr'>den.</span> 
     </span>
     <span class='ocr_line' id='line_1_21' title="bbox 944 2761 4145 2847; baseline -0.002 -20"><span class='ocrx_word' id='word_1_259' title='bbox 944 2784 1068 2846; x_wconf 89' lang='lat' dir='ltr'>pro</span> <span class='ocrx_word' id='word_1_260' title='bbox 1113 2761 1225 2828; x_wconf 94' lang='lat' dir='ltr'>CC</span> <span class='ocrx_word' id='word_1_261' title='bbox 1272 2763 1418 2827; x_wconf 88' lang='lat' dir='ltr'>ouis</span> <span class='ocrx_word' id='word_1_262' title='bbox 1465 2763 1532 2824; x_wconf 91' lang='lat' dir='ltr'><strong>V</strong></span> <span class='ocrx_word' id='word_1_263' title='bbox 1580 2784 1678 2847; x_wconf 87' lang='lat' dir='ltr'>gr.</span> <span class='ocrx_word' id='word_1_264' title='bbox 1743 2784 1864 2846; x_wconf 90' lang='lat' dir='ltr'>pro</span> <span class='ocrx_word' id='word_1_265' title='bbox 1913 2763 1988 2826; x_wconf 91' lang='lat' dir='ltr'><strong>X</strong></span> <span class='ocrx_word' id='word_1_266' title='bbox 2035 2764 2246 2827; x_wconf 82' lang='lat' dir='ltr'>caseis</span> <span class='ocrx_word' id='word_1_267' title='bbox 2293 2764 2440 2846; x_wconf 72' lang='lat' dir='ltr'><em>11¹s2</em></span> <span class='ocrx_word' id='word_1_268' title='bbox 2500 2784 2599 2847; x_wconf 88' lang='lat' dir='ltr'>gr.</span> <span class='ocrx_word' id='word_1_269' title='bbox 2666 2784 2789 2847; x_wconf 90' lang='lat' dir='ltr'>pro</span> <span class='ocrx_word' id='word_1_270' title='bbox 2839 2764 2905 2826; x_wconf 91' lang='lat' dir='ltr'>II</span> <span class='ocrx_word' id='word_1_271' title='bbox 2953 2764 3101 2827; x_wconf 89' lang='lat' dir='ltr'>ollis</span> <span class='ocrx_word' id='word_1_272' title='bbox 3147 2764 3347 2828; x_wconf 87' lang='lat' dir='ltr'>butiri</span> <span class='ocrx_word' id='word_1_273' title='bbox 3403 2764 3507 2827; x_wconf 95' lang='lat' dir='ltr'>III</span> <span class='ocrx_word' id='word_1_274' title='bbox 3553 2763 3739 2838; x_wconf 85' lang='lat' dir='ltr'>scoti,</span> <span class='ocrx_word' id='word_1_275' title='bbox 3804 2782 3927 2846; x_wconf 90' lang='lat' dir='ltr'>pro</span> <span class='ocrx_word' id='word_1_276' title='bbox 3974 2762 4145 2824; x_wconf 86' lang='lat' dir='ltr'>lacte</span> 
     </span>
     <span class='ocr_line' id='line_1_22' title="bbox 946 2869 4144 2957; baseline -0.002 -22"><span class='ocrx_word' id='word_1_277' title='bbox 946 2881 1014 2935; x_wconf 89' lang='lat' dir='ltr'>et</span> <span class='ocrx_word' id='word_1_278' title='bbox 1061 2891 1287 2935; x_wconf 85' lang='lat' dir='ltr'>crema</span> <span class='ocrx_word' id='word_1_279' title='bbox 1333 2871 1435 2934; x_wconf 94' lang='lat' dir='ltr'>III</span> <span class='ocrx_word' id='word_1_280' title='bbox 1483 2891 1582 2956; x_wconf 86' lang='lat' dir='ltr'>gr.</span> <span class='ocrx_word' id='word_1_281' title='bbox 1628 2891 1750 2953; x_wconf 89' lang='lat' dir='ltr'>pro</span> <span class='ocrx_word' id='word_1_282' title='bbox 1798 2872 1998 2936; x_wconf 86' lang='lat' dir='ltr'>mileo</span> <span class='ocrx_word' id='word_1_283' title='bbox 2045 2872 2078 2934; x_wconf 95' lang='lat' dir='ltr'><strong>I</strong></span> <span class='ocrx_word' id='word_1_284' title='bbox 2126 2893 2224 2956; x_wconf 89' lang='lat' dir='ltr'>gr.</span> <span class='ocrx_word' id='word_1_285' title='bbox 2273 2870 2454 2935; x_wconf 93' lang='lat' dir='ltr'>XIV</span> <span class='ocrx_word' id='word_1_286' title='bbox 2502 2872 2653 2934; x_wconf 89' lang='lat' dir='ltr'>den.</span> <span class='ocrx_word' id='word_1_287' title='bbox 2701 2891 2824 2953; x_wconf 91' lang='lat' dir='ltr'>pro</span> <span class='ocrx_word' id='word_1_288' title='bbox 2871 2883 3063 2936; x_wconf 83' lang='lat' dir='ltr'>aceto</span> <span class='ocrx_word' id='word_1_289' title='bbox 3112 2873 3145 2935; x_wconf 95' lang='lat' dir='ltr'><strong>I</strong></span> <span class='ocrx_word' id='word_1_290' title='bbox 3194 2893 3294 2957; x_wconf 88' lang='lat' dir='ltr'>gr.</span> <span class='ocrx_word' id='word_1_291' title='bbox 3363 2892 3485 2955; x_wconf 90' lang='lat' dir='ltr'>pro</span> <span class='ocrx_word' id='word_1_292' title='bbox 3542 2872 3701 2954; x_wconf 91' lang='lat' dir='ltr'>piris</span> <span class='ocrx_word' id='word_1_293' title='bbox 3748 2880 3819 2933; x_wconf 89' lang='lat' dir='ltr'>et</span> <span class='ocrx_word' id='word_1_294' title='bbox 3862 2869 4144 2933; x_wconf 90' lang='lat' dir='ltr'>nucibus</span> 
     </span>
     <span class='ocr_line' id='line_1_23' title="bbox 948 2976 4141 3064; baseline -0.001 -23"><span class='ocrx_word' id='word_1_295' title='bbox 948 2979 1052 3043; x_wconf 94' lang='lat' dir='ltr'>III</span> <span class='ocrx_word' id='word_1_296' title='bbox 1099 2999 1198 3064; x_wconf 86' lang='lat' dir='ltr'>gr.</span> <span class='ocrx_word' id='word_1_297' title='bbox 1243 3001 1366 3062; x_wconf 89' lang='lat' dir='ltr'>pro</span> <span class='ocrx_word' id='word_1_298' title='bbox 1415 2979 1486 3042; x_wconf 91' lang='lat' dir='ltr'>II</span> <span class='ocrx_word' id='word_1_299' title='bbox 1535 2979 1910 3043; x_wconf 85' lang='lat' dir='ltr'>octualibus</span> <span class='ocrx_word' id='word_1_300' title='bbox 1957 2979 2234 3042; x_wconf 89' lang='lat' dir='ltr'>ceruisie</span> <span class='ocrx_word' id='word_1_301' title='bbox 2282 2979 2531 3042; x_wconf 90' lang='lat' dir='ltr'><strong>XVIII</strong></span> <span class='ocrx_word' id='word_1_302' title='bbox 2577 2980 2764 3054; x_wconf 88' lang='lat' dir='ltr'>scoti,</span> <span class='ocrx_word' id='word_1_303' title='bbox 2831 2979 3020 3061; x_wconf 87' lang='lat' dir='ltr'>equis</span> <span class='ocrx_word' id='word_1_304' title='bbox 3084 3000 3299 3042; x_wconf 83' lang='lat' dir='ltr'>auene</span> <span class='ocrx_word' id='word_1_305' title='bbox 3368 2979 3443 3041; x_wconf 91' lang='lat' dir='ltr'><strong>X</strong></span> <span class='ocrx_word' id='word_1_306' title='bbox 3508 2999 3716 3042; x_wconf 87' lang='lat' dir='ltr'>mens.</span> <span class='ocrx_word' id='word_1_307' title='bbox 3781 2986 3851 3041; x_wconf 90' lang='lat' dir='ltr'>et</span> <span class='ocrx_word' id='word_1_308' title='bbox 3914 2976 4141 3040; x_wconf 88' lang='lat' dir='ltr'>fenum</span> 
     </span>
     <span class='ocr_line' id='line_1_24' title="bbox 947 3087 1230 3170; baseline 0 -20"><span class='ocrx_word' id='word_1_309' title='bbox 947 3087 1230 3170; x_wconf 87' lang='lat' dir='ltr'>propria.</span> 
     </span>
    </p>

    <p class='ocr_par' dir='ltr' id='par_1_9' title="bbox 1161 3192 2999 3278">
     <span class='ocr_line' id='line_1_25' title="bbox 1161 3192 2999 3278; baseline -0.001 -19"><span class='ocrx_word' id='word_1_310' title='bbox 1161 3192 1445 3259; x_wconf 85' lang='lat' dir='ltr'>Summa</span> <span class='ocrx_word' id='word_1_311' title='bbox 1491 3194 1622 3258; x_wconf 87' lang='lat' dir='ltr'>diei</span> <span class='ocrx_word' id='word_1_312' title='bbox 1667 3193 1817 3256; x_wconf 92' lang='lat' dir='ltr'>XII</span> <span class='ocrx_word' id='word_1_313' title='bbox 1865 3214 2024 3258; x_wconf 83' lang='lat' dir='ltr'>mar.</span> <span class='ocrx_word' id='word_1_314' title='bbox 2073 3193 2245 3257; x_wconf 93' lang='lat' dir='ltr'><strong>VIII</strong></span> <span class='ocrx_word' id='word_1_315' title='bbox 2291 3194 2462 3258; x_wconf 88' lang='lat' dir='ltr'>scoti</span> <span class='ocrx_word' id='word_1_316' title='bbox 2507 3195 2540 3258; x_wconf 95' lang='lat' dir='ltr'><strong>I</strong></span> <span class='ocrx_word' id='word_1_317' title='bbox 2589 3215 2687 3278; x_wconf 86' lang='lat' dir='ltr'>gr.</span> <span class='ocrx_word' id='word_1_318' title='bbox 2736 3194 2769 3256; x_wconf 95' lang='lat' dir='ltr'><strong>I</strong></span> <span class='ocrx_word' id='word_1_319' title='bbox 2817 3215 2999 3278; x_wconf 87' lang='lat' dir='ltr'>quar.</span> 
     </span>
    </p>

    <p class='ocr_par' dir='ltr' id='par_1_10' title="bbox 937 3300 4142 3923">
     <span class='ocr_line' id='line_1_26' title="bbox 1159 3300 4140 3386; baseline 0 -22"><span class='ocrx_word' id='word_1_320' title='bbox 1159 3301 1218 3364; x_wconf 92' lang='lat' dir='ltr'><strong>F</strong></span> <span class='ocrx_word' id='word_1_321' title='bbox 1221 3302 1358 3364; x_wconf 87' lang='lat' dir='ltr'>eria</span> <span class='ocrx_word' id='word_1_322' title='bbox 1403 3302 1508 3364; x_wconf 95' lang='lat' dir='ltr'>III</span> <span class='ocrx_word' id='word_1_323' title='bbox 1557 3303 1606 3383; x_wconf 94' lang='lat'>(1</span> <span class='ocrx_word' id='word_1_324' title='bbox 1619 3301 1712 3386; x_wconf 78' lang='lat' dir='ltr'>s9)</span> <span class='ocrx_word' id='word_1_325' title='bbox 1760 3303 1897 3364; x_wconf 88' lang='lat' dir='ltr'>dno</span> <span class='ocrx_word' id='word_1_326' title='bbox 1945 3301 2134 3386; x_wconf 86' lang='lat' dir='ltr'>Regi</span> <span class='ocrx_word' id='word_1_327' title='bbox 2181 3303 2267 3365; x_wconf 89' lang='lat' dir='ltr'>ad</span> <span class='ocrx_word' id='word_1_328' title='bbox 2316 3302 2704 3384; x_wconf 84' lang='lat' dir='ltr'>prandium:</span> <span class='ocrx_word' id='word_1_329' title='bbox 2753 3323 2874 3384; x_wconf 90' lang='lat' dir='ltr'>pro</span> <span class='ocrx_word' id='word_1_330' title='bbox 2913 3302 2945 3364; x_wconf 91' lang='grc' dir='ltr'>Ι</span> <span class='ocrx_word' id='word_1_331' title='bbox 2982 3321 3193 3364; x_wconf 84' lang='lat' dir='ltr'>vacca</span> <span class='ocrx_word' id='word_1_332' title='bbox 3230 3301 3443 3364; x_wconf 89' lang='lat' dir='ltr'><strong>XVII</strong></span> <span class='ocrx_word' id='word_1_333' title='bbox 3482 3301 3669 3376; x_wconf 83' lang='lat' dir='ltr'>scoti,</span> <span class='ocrx_word' id='word_1_334' title='bbox 3718 3321 3839 3383; x_wconf 90' lang='lat' dir='ltr'>pro</span> <span class='ocrx_word' id='word_1_335' title='bbox 3877 3300 3944 3362; x_wconf 91' lang='lat' dir='ltr'>II</span> <span class='ocrx_word' id='word_1_336' title='bbox 3982 3301 4140 3364; x_wconf 85' lang='lat' dir='ltr'>arie-</span> 
     </span>
     <span class='ocr_line' id='line_1_27' title="bbox 943 3408 4140 3492; baseline -0.001 -20"><span class='ocrx_word' id='word_1_337' title='bbox 943 3410 1122 3472; x_wconf 85' lang='lat' dir='ltr'>tibus</span> <span class='ocrx_word' id='word_1_338' title='bbox 1167 3408 1307 3471; x_wconf 93' lang='lat' dir='ltr'>VII</span> <span class='ocrx_word' id='word_1_339' title='bbox 1353 3409 1538 3484; x_wconf 85' lang='lat' dir='ltr'>scoti,</span> <span class='ocrx_word' id='word_1_340' title='bbox 1585 3429 1706 3491; x_wconf 90' lang='lat' dir='ltr'>pro</span> <span class='ocrx_word' id='word_1_341' title='bbox 1753 3410 1887 3471; x_wconf 85' lang='lat' dir='ltr'>olla</span> <span class='ocrx_word' id='word_1_342' title='bbox 1932 3409 2134 3472; x_wconf 88' lang='lat' dir='ltr'>butiri</span> <span class='ocrx_word' id='word_1_343' title='bbox 2180 3409 2282 3471; x_wconf 91' lang='lat' dir='ltr'>III</span> <span class='ocrx_word' id='word_1_344' title='bbox 2332 3431 2430 3492; x_wconf 89' lang='lat' dir='ltr'>gr.</span> <span class='ocrx_word' id='word_1_345' title='bbox 2479 3409 2643 3491; x_wconf 89' lang='lat' dir='ltr'>pulli</span> <span class='ocrx_word' id='word_1_346' title='bbox 2690 3408 2840 3471; x_wconf 90' lang='lat' dir='ltr'>XX</span> <span class='ocrx_word' id='word_1_347' title='bbox 2888 3408 3158 3472; x_wconf 86' lang='lat' dir='ltr'>fuerunt</span> <span class='ocrx_word' id='word_1_348' title='bbox 3202 3410 3467 3492; x_wconf 88' lang='lat' dir='ltr'>proprii,</span> <span class='ocrx_word' id='word_1_349' title='bbox 3515 3429 3638 3491; x_wconf 89' lang='lat' dir='ltr'>pro</span> <span class='ocrx_word' id='word_1_350' title='bbox 3686 3408 3741 3471; x_wconf 96' lang='lat' dir='ltr'><strong>L</strong></span> <span class='ocrx_word' id='word_1_351' title='bbox 3778 3408 3924 3471; x_wconf 81' lang='lat' dir='ltr'>ouis</span> <span class='ocrx_word' id='word_1_352' title='bbox 3972 3409 4003 3470; x_wconf 95' lang='lat' dir='ltr'><strong>I</strong></span> <span class='ocrx_word' id='word_1_353' title='bbox 4042 3428 4140 3492; x_wconf 87' lang='lat' dir='ltr'>gr.</span> 
     </span>
     <span class='ocr_line' id='line_1_28' title="bbox 945 3516 4142 3600; baseline -0 -21"><span class='ocrx_word' id='word_1_354' title='bbox 945 3516 1044 3579; x_wconf 92' lang='lat' dir='ltr'><strong>IV</strong></span> <span class='ocrx_word' id='word_1_355' title='bbox 1092 3518 1241 3580; x_wconf 88' lang='lat' dir='ltr'>den.</span> <span class='ocrx_word' id='word_1_356' title='bbox 1290 3537 1412 3598; x_wconf 87' lang='lat' dir='ltr'>pro</span> <span class='ocrx_word' id='word_1_357' title='bbox 1457 3516 1604 3600; x_wconf 90' lang='lat' dir='ltr'>piso</span> <span class='ocrx_word' id='word_1_358' title='bbox 1652 3525 1722 3578; x_wconf 86' lang='lat' dir='ltr'>et</span> <span class='ocrx_word' id='word_1_359' title='bbox 1770 3516 1968 3578; x_wconf 87' lang='lat' dir='ltr'>mileo</span> <span class='ocrx_word' id='word_1_360' title='bbox 2016 3517 2082 3578; x_wconf 95' lang='lat' dir='ltr'>II</span> <span class='ocrx_word' id='word_1_361' title='bbox 2098 3517 2160 3597; x_wconf 56' lang='lat'><em>&#39;¹1¹2</em></span> <span class='ocrx_word' id='word_1_362' title='bbox 2219 3537 2317 3600; x_wconf 88' lang='lat' dir='ltr'>gr.</span> <span class='ocrx_word' id='word_1_363' title='bbox 2384 3536 2507 3599; x_wconf 92' lang='lat' dir='ltr'>pro</span> <span class='ocrx_word' id='word_1_364' title='bbox 2555 3516 2657 3578; x_wconf 92' lang='lat' dir='ltr'><strong>VI</strong></span> <span class='ocrx_word' id='word_1_365' title='bbox 2704 3517 2917 3580; x_wconf 83' lang='lat' dir='ltr'>caseis</span> <span class='ocrx_word' id='word_1_366' title='bbox 2964 3516 3068 3578; x_wconf 94' lang='lat' dir='ltr'>III</span> <span class='ocrx_word' id='word_1_367' title='bbox 3114 3528 3328 3598; x_wconf 84' lang='lat' dir='ltr'>quart.</span> <span class='ocrx_word' id='word_1_368' title='bbox 3396 3537 3517 3598; x_wconf 87' lang='lat' dir='ltr'>pro</span> <span class='ocrx_word' id='word_1_369' title='bbox 3566 3517 3738 3580; x_wconf 85' lang='lat' dir='ltr'>lacte</span> <span class='ocrx_word' id='word_1_370' title='bbox 3802 3524 3872 3578; x_wconf 86' lang='lat' dir='ltr'>et</span> <span class='ocrx_word' id='word_1_371' title='bbox 3918 3535 4142 3578; x_wconf 86' lang='lat' dir='ltr'>crema</span> 
     </span>
     <span class='ocr_line' id='line_1_29' title="bbox 941 3623 4139 3707; baseline -0.001 -19"><span class='ocrx_word' id='word_1_372' title='bbox 941 3625 974 3687; x_wconf 99' lang='lat' dir='ltr'><strong>I</strong></span> <span class='ocrx_word' id='word_1_373' title='bbox 1019 3633 1181 3688; x_wconf 83' lang='lat' dir='ltr'>scot.</span> <span class='ocrx_word' id='word_1_374' title='bbox 1229 3644 1351 3707; x_wconf 87' lang='lat' dir='ltr'>pro</span> <span class='ocrx_word' id='word_1_375' title='bbox 1399 3624 1571 3686; x_wconf 91' lang='lat' dir='ltr'><strong>VIII</strong></span> <span class='ocrx_word' id='word_1_376' title='bbox 1618 3624 1767 3687; x_wconf 88' lang='lat' dir='ltr'>ollis</span> <span class='ocrx_word' id='word_1_377' title='bbox 1814 3624 1899 3686; x_wconf 86' lang='lat' dir='ltr'>ad</span> <span class='ocrx_word' id='word_1_378' title='bbox 1946 3624 2264 3686; x_wconf 86' lang='lat' dir='ltr'>celarium</span> <span class='ocrx_word' id='word_1_379' title='bbox 2314 3624 2421 3686; x_wconf 93' lang='lat' dir='ltr'>III</span> <span class='ocrx_word' id='word_1_380' title='bbox 2471 3634 2686 3706; x_wconf 84' lang='lat' dir='ltr'><strong>quart.</strong></span> <span class='ocrx_word' id='word_1_381' title='bbox 2732 3644 2853 3707; x_wconf 91' lang='lat' dir='ltr'>pro</span> <span class='ocrx_word' id='word_1_382' title='bbox 2900 3625 3197 3707; x_wconf 88' lang='lat' dir='ltr'>piscibus</span> <span class='ocrx_word' id='word_1_383' title='bbox 3242 3624 3355 3687; x_wconf 92' lang='lat' dir='ltr'>IX</span> <span class='ocrx_word' id='word_1_384' title='bbox 3400 3645 3501 3707; x_wconf 83' lang='lat' dir='ltr'>gr.</span> <span class='ocrx_word' id='word_1_385' title='bbox 3549 3644 3670 3705; x_wconf 90' lang='lat' dir='ltr'>pro</span> <span class='ocrx_word' id='word_1_386' title='bbox 3698 3624 3887 3687; x_wconf 80' lang='lat' dir='ltr'>lardo</span> <span class='ocrx_word' id='word_1_387' title='bbox 3916 3623 3950 3684; x_wconf 94' lang='lat' dir='ltr'><strong>I</strong></span> <span class='ocrx_word' id='word_1_388' title='bbox 3980 3632 4139 3685; x_wconf 85' lang='lat' dir='ltr'>scot.</span> 
     </span>
     <span class='ocr_line' id='line_1_30' title="bbox 939 3730 4137 3815; baseline -0.001 -21"><span class='ocrx_word' id='word_1_389' title='bbox 939 3753 1060 3814; x_wconf 87' lang='lat' dir='ltr'>pro</span> <span class='ocrx_word' id='word_1_390' title='bbox 1111 3733 1266 3795; x_wconf 82' lang='lat' dir='ltr'>alba</span> <span class='ocrx_word' id='word_1_391' title='bbox 1311 3730 1522 3796; x_wconf 80' lang='lat' dir='ltr'>farina</span> <span class='ocrx_word' id='word_1_392' title='bbox 1567 3731 1712 3794; x_wconf 78' lang='lat' dir='ltr'><strong>XH</strong></span> <span class='ocrx_word' id='word_1_393' title='bbox 1759 3732 1907 3793; x_wconf 89' lang='lat' dir='ltr'>den.</span> <span class='ocrx_word' id='word_1_394' title='bbox 1955 3751 2077 3812; x_wconf 87' lang='lat' dir='ltr'>pro</span> <span class='ocrx_word' id='word_1_395' title='bbox 2124 3732 2279 3794; x_wconf 84' lang='lat' dir='ltr'>albo</span> <span class='ocrx_word' id='word_1_396' title='bbox 2329 3751 2503 3813; x_wconf 83' lang='lat' dir='ltr'>pane</span> <span class='ocrx_word' id='word_1_397' title='bbox 2550 3731 2583 3793; x_wconf 99' lang='lat' dir='ltr'><strong>I</strong></span> <span class='ocrx_word' id='word_1_398' title='bbox 2631 3741 2796 3795; x_wconf 87' lang='lat' dir='ltr'>scot.</span> <span class='ocrx_word' id='word_1_399' title='bbox 2835 3752 2958 3814; x_wconf 90' lang='lat' dir='ltr'>pro</span> <span class='ocrx_word' id='word_1_400' title='bbox 2987 3752 3164 3814; x_wconf 86' lang='lat' dir='ltr'>pane</span> <span class='ocrx_word' id='word_1_401' title='bbox 3194 3731 3511 3815; x_wconf 82' lang='lat' dir='ltr'>siligineo.</span> <span class='ocrx_word' id='word_1_402' title='bbox 3530 3730 3563 3792; x_wconf 95' lang='lat' dir='ltr'><strong>I</strong></span> <span class='ocrx_word' id='word_1_403' title='bbox 3594 3741 3758 3794; x_wconf 84' lang='lat' dir='ltr'>scot.</span> <span class='ocrx_word' id='word_1_404' title='bbox 3795 3750 3919 3812; x_wconf 91' lang='lat' dir='ltr'>pro</span> <span class='ocrx_word' id='word_1_405' title='bbox 3949 3740 4137 3793; x_wconf 84' lang='lat' dir='ltr'>aceto</span> 
     </span>
     <span class='ocr_line' id='line_1_31' title="bbox 937 3837 2957 3923; baseline 0 -23"><span class='ocrx_word' id='word_1_406' title='bbox 937 3839 969 3900; x_wconf 97' lang='lat' dir='ltr'><strong>I</strong></span> <span class='ocrx_word' id='word_1_407' title='bbox 1019 3860 1115 3923; x_wconf 89' lang='lat' dir='ltr'>gr.</span> <span class='ocrx_word' id='word_1_408' title='bbox 1165 3859 1288 3920; x_wconf 87' lang='lat' dir='ltr'>pro</span> <span class='ocrx_word' id='word_1_409' title='bbox 1335 3837 1810 3902; x_wconf 84' lang='lat' dir='ltr'>sufferracione</span> <span class='ocrx_word' id='word_1_410' title='bbox 1857 3838 2294 3901; x_wconf 81' lang='lat' dir='ltr'>ambulatoris</span> <span class='ocrx_word' id='word_1_411' title='bbox 2341 3838 2456 3900; x_wconf 88' lang='lat' dir='ltr'>dni</span> <span class='ocrx_word' id='word_1_412' title='bbox 2504 3837 2727 3922; x_wconf 88' lang='lat' dir='ltr'>Regis</span> <span class='ocrx_word' id='word_1_413' title='bbox 2774 3839 2807 3900; x_wconf 95' lang='lat' dir='ltr'><strong>I</strong></span> <span class='ocrx_word' id='word_1_414' title='bbox 2858 3860 2957 3923; x_wconf 87' lang='lat' dir='ltr'>gr.</span> 
     </span>
    </p>

    <p class='ocr_par' dir='ltr' id='par_1_11' title="bbox 937 3944 4138 4352">
     <span class='ocr_line' id='line_1_32' title="bbox 1153 3944 4135 4029; baseline 0 -22"><span class='ocrx_word' id='word_1_415' title='bbox 1153 3946 1306 4008; x_wconf 89' lang='lat' dir='ltr'>Dne</span> <span class='ocrx_word' id='word_1_416' title='bbox 1353 3946 1629 4029; x_wconf 87' lang='lat' dir='ltr'>Regine</span> <span class='ocrx_word' id='word_1_417' title='bbox 1677 3946 1764 4008; x_wconf 87' lang='lat' dir='ltr'>ad</span> <span class='ocrx_word' id='word_1_418' title='bbox 1809 3946 2199 4028; x_wconf 86' lang='lat' dir='ltr'>prandium:</span> <span class='ocrx_word' id='word_1_419' title='bbox 2247 3966 2371 4028; x_wconf 87' lang='lat' dir='ltr'>pro</span> <span class='ocrx_word' id='word_1_420' title='bbox 2419 3944 2451 4007; x_wconf 95' lang='lat' dir='ltr'><strong>I</strong></span> <span class='ocrx_word' id='word_1_421' title='bbox 2498 3965 2707 4008; x_wconf 85' lang='lat' dir='ltr'>vacca</span> <span class='ocrx_word' id='word_1_422' title='bbox 2751 3945 2930 4008; x_wconf 90' lang='lat' dir='ltr'>XVI</span> <span class='ocrx_word' id='word_1_423' title='bbox 2968 3945 3153 4021; x_wconf 89' lang='lat' dir='ltr'>scoti,</span> <span class='ocrx_word' id='word_1_424' title='bbox 3201 3965 3324 4026; x_wconf 88' lang='lat' dir='ltr'>pro</span> <span class='ocrx_word' id='word_1_425' title='bbox 3363 3945 3466 4007; x_wconf 92' lang='lat' dir='ltr'>III</span> <span class='ocrx_word' id='word_1_426' title='bbox 3495 3945 3813 4009; x_wconf 87' lang='lat' dir='ltr'>arietibus</span> <span class='ocrx_word' id='word_1_427' title='bbox 3850 3945 3925 4007; x_wconf 90' lang='lat' dir='ltr'><strong>X</strong></span> <span class='ocrx_word' id='word_1_428' title='bbox 3955 3944 4135 4019; x_wconf 89' lang='lat' dir='ltr'>scoti,</span> 
     </span>
     <span class='ocr_line' id='line_1_33' title="bbox 937 4051 4138 4138; baseline -0 -23"><span class='ocrx_word' id='word_1_429' title='bbox 937 4074 1060 4136; x_wconf 89' lang='lat' dir='ltr'>pro</span> <span class='ocrx_word' id='word_1_430' title='bbox 1109 4052 1209 4116; x_wconf 91' lang='lat' dir='ltr'><strong>IV</strong></span> <span class='ocrx_word' id='word_1_431' title='bbox 1257 4053 1517 4138; x_wconf 88' lang='lat' dir='ltr'>sugillis</span> <span class='ocrx_word' id='word_1_432' title='bbox 1563 4052 1629 4112; x_wconf 91' lang='lat' dir='ltr'><strong>V</strong></span> <span class='ocrx_word' id='word_1_433' title='bbox 1678 4074 1776 4136; x_wconf 88' lang='lat' dir='ltr'>gr.</span> <span class='ocrx_word' id='word_1_434' title='bbox 1811 4056 1944 4135; x_wconf 82' lang='lat' dir='ltr'>&#39;pro</span> <span class='ocrx_word' id='word_1_435' title='bbox 1991 4053 2092 4114; x_wconf 88' lang='lat' dir='ltr'><strong>IV</strong></span> <span class='ocrx_word' id='word_1_436' title='bbox 2141 4053 2325 4116; x_wconf 85' lang='lat' dir='ltr'>aucis</span> <span class='ocrx_word' id='word_1_437' title='bbox 2374 4053 2439 4114; x_wconf 93' lang='lat' dir='ltr'>II</span> <span class='ocrx_word' id='word_1_438' title='bbox 2487 4054 2670 4127; x_wconf 90' lang='lat' dir='ltr'>scoti,</span> <span class='ocrx_word' id='word_1_439' title='bbox 2722 4073 2844 4136; x_wconf 90' lang='lat' dir='ltr'>pro</span> <span class='ocrx_word' id='word_1_440' title='bbox 2891 4053 3110 4116; x_wconf 92' lang='lat' dir='ltr'>XXV</span> <span class='ocrx_word' id='word_1_441' title='bbox 3150 4053 3348 4135; x_wconf 89' lang='lat' dir='ltr'>pullis</span> <span class='ocrx_word' id='word_1_442' title='bbox 3390 4053 3603 4134; x_wconf 64' lang='lat' dir='ltr'>V11¹J2</span> <span class='ocrx_word' id='word_1_443' title='bbox 3644 4053 3829 4128; x_wconf 86' lang='lat' dir='ltr'>scoti,</span> <span class='ocrx_word' id='word_1_444' title='bbox 3876 4072 3998 4133; x_wconf 93' lang='lat' dir='ltr'>pro</span> <span class='ocrx_word' id='word_1_445' title='bbox 4032 4051 4138 4114; x_wconf 93' lang='lat' dir='ltr'>CC</span> 
     </span>
     <span class='ocr_line' id='line_1_34' title="bbox 939 4159 4134 4244; baseline -0 -21"><span class='ocrx_word' id='word_1_446' title='bbox 939 4161 1085 4223; x_wconf 89' lang='lat' dir='ltr'>ouis</span> <span class='ocrx_word' id='word_1_447' title='bbox 1133 4160 1199 4220; x_wconf 93' lang='lat' dir='ltr'><strong>V</strong></span> <span class='ocrx_word' id='word_1_448' title='bbox 1247 4181 1344 4244; x_wconf 89' lang='lat' dir='ltr'>gr.</span> <span class='ocrx_word' id='word_1_449' title='bbox 1391 4180 1514 4242; x_wconf 91' lang='lat' dir='ltr'>pro</span> <span class='ocrx_word' id='word_1_450' title='bbox 1562 4161 1639 4221; x_wconf 91' lang='lat' dir='ltr'><strong>X</strong></span> <span class='ocrx_word' id='word_1_451' title='bbox 1683 4161 1896 4223; x_wconf 84' lang='lat' dir='ltr'>caseis</span> <span class='ocrx_word' id='word_1_452' title='bbox 1943 4159 2010 4221; x_wconf 89' lang='lat'>11</span> <span class='ocrx_word' id='word_1_453' title='bbox 2024 4159 2086 4242; x_wconf 72' lang='lat'>¹1‘2</span> <span class='ocrx_word' id='word_1_454' title='bbox 2147 4181 2244 4243; x_wconf 89' lang='lat' dir='ltr'>gr.</span> <span class='ocrx_word' id='word_1_455' title='bbox 2293 4181 2415 4242; x_wconf 87' lang='lat' dir='ltr'>pro</span> <span class='ocrx_word' id='word_1_456' title='bbox 2464 4161 2599 4223; x_wconf 87' lang='lat' dir='ltr'>olla</span> <span class='ocrx_word' id='word_1_457' title='bbox 2638 4161 2837 4224; x_wconf 86' lang='lat' dir='ltr'>butiri</span> <span class='ocrx_word' id='word_1_458' title='bbox 2874 4161 2941 4223; x_wconf 95' lang='lat' dir='ltr'>II</span> <span class='ocrx_word' id='word_1_459' title='bbox 2970 4161 3153 4234; x_wconf 89' lang='lat' dir='ltr'>scoti,</span> <span class='ocrx_word' id='word_1_460' title='bbox 3194 4181 3315 4243; x_wconf 92' lang='lat' dir='ltr'>pro</span> <span class='ocrx_word' id='word_1_461' title='bbox 3344 4161 3517 4223; x_wconf 87' lang='lat' dir='ltr'>lacte</span> <span class='ocrx_word' id='word_1_462' title='bbox 3555 4171 3625 4223; x_wconf 85' lang='lat' dir='ltr'>et</span> <span class='ocrx_word' id='word_1_463' title='bbox 3653 4179 3881 4224; x_wconf 83' lang='lat' dir='ltr'>crema</span> <span class='ocrx_word' id='word_1_464' title='bbox 3908 4159 4010 4221; x_wconf 96' lang='lat' dir='ltr'>III</span> <span class='ocrx_word' id='word_1_465' title='bbox 4038 4179 4134 4242; x_wconf 87' lang='lat' dir='ltr'>gr.</span> 
     </span>
     <span class='ocr_line' id='line_1_35' title="bbox 938 4265 4134 4352; baseline -0.001 -22"><span class='ocrx_word' id='word_1_466' title='bbox 938 4289 1059 4351; x_wconf 90' lang='lat' dir='ltr'>pro</span> <span class='ocrx_word' id='word_1_467' title='bbox 1107 4279 1298 4331; x_wconf 84' lang='lat' dir='ltr'>aceto</span> <span class='ocrx_word' id='word_1_468' title='bbox 1346 4268 1378 4329; x_wconf 91' lang='grc' dir='ltr'>Ι</span> <span class='ocrx_word' id='word_1_469' title='bbox 1425 4279 1588 4332; x_wconf 89' lang='lat' dir='ltr'>scot.</span> <span class='ocrx_word' id='word_1_470' title='bbox 1655 4288 1777 4349; x_wconf 91' lang='lat' dir='ltr'>pro</span> <span class='ocrx_word' id='word_1_471' title='bbox 1825 4268 1981 4349; x_wconf 88' lang='lat' dir='ltr'>piris</span> <span class='ocrx_word' id='word_1_472' title='bbox 2045 4279 2113 4330; x_wconf 91' lang='lat' dir='ltr'>et</span> <span class='ocrx_word' id='word_1_473' title='bbox 2175 4268 2460 4331; x_wconf 88' lang='lat' dir='ltr'>nucibus</span> <span class='ocrx_word' id='word_1_474' title='bbox 2526 4267 2628 4329; x_wconf 91' lang='lat' dir='ltr'>III</span> <span class='ocrx_word' id='word_1_475' title='bbox 2694 4289 2791 4352; x_wconf 87' lang='lat' dir='ltr'>gr.</span> <span class='ocrx_word' id='word_1_476' title='bbox 2857 4289 2980 4352; x_wconf 87' lang='lat' dir='ltr'>pro</span> <span class='ocrx_word' id='word_1_477' title='bbox 3048 4269 3115 4330; x_wconf 95' lang='lat' dir='ltr'>II</span> <span class='ocrx_word' id='word_1_478' title='bbox 3131 4269 3193 4348; x_wconf 65' lang='lat'>¹1¹2</span> <span class='ocrx_word' id='word_1_479' title='bbox 3251 4267 3499 4331; x_wconf 83' lang='lat' dir='ltr'>octuali</span> <span class='ocrx_word' id='word_1_480' title='bbox 3562 4266 3842 4330; x_wconf 87' lang='lat' dir='ltr'>ceruisie</span> <span class='ocrx_word' id='word_1_481' title='bbox 3898 4265 3931 4328; x_wconf 94' lang='lat' dir='ltr'><strong>I</strong></span> <span class='ocrx_word' id='word_1_482' title='bbox 3977 4286 4134 4328; x_wconf 82' lang='lat' dir='ltr'>mar.</span> 
     </span>
    </p>
   </div>
   <div class='ocr_carea' id='block_1_3' title="bbox 939 4375 2647 4566">
    <p class='ocr_par' dir='ltr' id='par_1_12' title="bbox 939 4375 2647 4566">
     <span class='ocr_line' id='line_1_36' title="bbox 939 4375 1277 4439; baseline 0.003 -1"><span class='ocrx_word' id='word_1_483' title='bbox 939 4375 1041 4438; x_wconf 95' lang='lat' dir='ltr'>III</span> <span class='ocrx_word' id='word_1_484' title='bbox 1057 4378 1077 4413; x_wconf 83' lang='lat'>1</span> <span class='ocrx_word' id='word_1_485' title='bbox 1264 4426 1277 4439; x_wconf 91' lang='lat'><strong>.</strong></span> 
     </span>
     <span class='ocr_line' id='line_1_37' title="bbox 1075 4375 2647 4566; baseline 0 -21"><span class='ocrx_word' id='word_1_486' title='bbox 1075 4375 1118 4456; x_wconf 53' lang='lat'>[²</span> <span class='ocrx_word' id='word_1_487' title='bbox 1155 4396 1331 4545; x_wconf 61' lang='grc' dir='ltr'>Ιξὲοἱ</span> <span class='ocrx_word' id='word_1_488' title='bbox 1377 4481 1799 4566; x_wconf 83' lang='lat' dir='ltr'>Scargelloni</span> <span class='ocrx_word' id='word_1_489' title='bbox 1842 4483 1910 4545; x_wconf 86' lang='lat' dir='ltr'>in</span> <span class='ocrx_word' id='word_1_490' title='bbox 1957 4482 2208 4564; x_wconf 87' lang='lat' dir='ltr'>paratis</span> <span class='ocrx_word' id='word_1_491' title='bbox 2252 4482 2323 4545; x_wconf 95' lang='lat' dir='ltr'>II</span> <span class='ocrx_word' id='word_1_492' title='bbox 2369 4502 2531 4545; x_wconf 84' lang='lat' dir='ltr'>mar.</span> <span class='ocrx_word' id='word_1_493' title='bbox 2639 4486 2647 4494; x_wconf 84' lang='lat'>&#39;</span> 
     </span>
    </p>
   </div>
   <div class='ocr_carea' id='block_1_4' title="bbox 939 4589 4209 5748">
    <p class='ocr_par' dir='ltr' id='par_1_13' title="bbox 939 4589 4133 4889">
     <span class='ocr_line' id='line_1_38' title="bbox 1153 4589 4131 4672; baseline 0 -21"><span class='ocrx_word' id='word_1_494' title='bbox 1153 4589 1310 4652; x_wconf 88' lang='lat' dir='ltr'>Dno</span> <span class='ocrx_word' id='word_1_495' title='bbox 1361 4589 1550 4672; x_wconf 88' lang='lat' dir='ltr'>Regi</span> <span class='ocrx_word' id='word_1_496' title='bbox 1596 4590 1683 4651; x_wconf 86' lang='lat' dir='ltr'>ad</span> <span class='ocrx_word' id='word_1_497' title='bbox 1731 4609 2004 4653; x_wconf 85' lang='lat' dir='ltr'>cenam:</span> <span class='ocrx_word' id='word_1_498' title='bbox 2071 4611 2191 4672; x_wconf 89' lang='lat' dir='ltr'>pro</span> <span class='ocrx_word' id='word_1_499' title='bbox 2241 4609 2452 4652; x_wconf 86' lang='lat' dir='ltr'>vacca</span> <span class='ocrx_word' id='word_1_500' title='bbox 2496 4589 2677 4652; x_wconf 89' lang='lat' dir='ltr'><strong>XIII</strong></span> <span class='ocrx_word' id='word_1_501' title='bbox 2692 4589 2755 4670; x_wconf 79' lang='lat' dir='ltr'>¹l2</span> <span class='ocrx_word' id='word_1_502' title='bbox 2814 4590 2995 4665; x_wconf 87' lang='lat' dir='ltr'>scoti,</span> <span class='ocrx_word' id='word_1_503' title='bbox 3061 4610 3182 4671; x_wconf 91' lang='lat' dir='ltr'>pro</span> <span class='ocrx_word' id='word_1_504' title='bbox 3230 4590 3333 4652; x_wconf 95' lang='lat' dir='ltr'>III</span> <span class='ocrx_word' id='word_1_505' title='bbox 3381 4591 3698 4655; x_wconf 85' lang='lat' dir='ltr'>arietibus</span> <span class='ocrx_word' id='word_1_506' title='bbox 3762 4589 3906 4653; x_wconf 93' lang='lat' dir='ltr'>XII</span> <span class='ocrx_word' id='word_1_507' title='bbox 3952 4589 4131 4664; x_wconf 84' lang='lat' dir='ltr'>scoti,</span> 
     </span>
     <span class='ocr_line' id='line_1_39' title="bbox 940 4696 4133 4780; baseline -0 -21"><span class='ocrx_word' id='word_1_508' title='bbox 940 4717 1063 4779; x_wconf 88' lang='lat' dir='ltr'>pro</span> <span class='ocrx_word' id='word_1_509' title='bbox 1109 4697 1341 4760; x_wconf 92' lang='lat' dir='ltr'>XXX</span> <span class='ocrx_word' id='word_1_510' title='bbox 1387 4697 1585 4779; x_wconf 87' lang='lat' dir='ltr'>pullis</span> <span class='ocrx_word' id='word_1_511' title='bbox 1631 4697 1737 4759; x_wconf 92' lang='lat' dir='ltr'>IX</span> <span class='ocrx_word' id='word_1_512' title='bbox 1785 4699 1954 4761; x_wconf 87' lang='lat' dir='ltr'>scoti</span> <span class='ocrx_word' id='word_1_513' title='bbox 2002 4697 2146 4759; x_wconf 90' lang='lat' dir='ltr'>XII</span> <span class='ocrx_word' id='word_1_514' title='bbox 2193 4699 2341 4761; x_wconf 90' lang='lat' dir='ltr'>den.</span> <span class='ocrx_word' id='word_1_515' title='bbox 2387 4717 2511 4778; x_wconf 92' lang='lat' dir='ltr'>pro</span> <span class='ocrx_word' id='word_1_516' title='bbox 2558 4697 2787 4759; x_wconf 90' lang='lat' dir='ltr'>XXX</span> <span class='ocrx_word' id='word_1_517' title='bbox 2833 4698 2980 4760; x_wconf 87' lang='lat' dir='ltr'>ouis</span> <span class='ocrx_word' id='word_1_518' title='bbox 3026 4697 3169 4760; x_wconf 89' lang='lat' dir='ltr'>XII</span> <span class='ocrx_word' id='word_1_519' title='bbox 3219 4699 3367 4761; x_wconf 87' lang='lat' dir='ltr'>den.</span> <span class='ocrx_word' id='word_1_520' title='bbox 3415 4719 3537 4780; x_wconf 91' lang='lat' dir='ltr'>pro</span> <span class='ocrx_word' id='word_1_521' title='bbox 3582 4699 3716 4760; x_wconf 87' lang='lat' dir='ltr'>olla</span> <span class='ocrx_word' id='word_1_522' title='bbox 3764 4696 3967 4760; x_wconf 85' lang='lat' dir='ltr'>butiri</span> <span class='ocrx_word' id='word_1_523' title='bbox 4032 4696 4133 4758; x_wconf 93' lang='lat' dir='ltr'>III</span> 
     </span>
     <span class='ocr_line' id='line_1_40' title="bbox 939 4804 3799 4889; baseline 0 -21"><span class='ocrx_word' id='word_1_524' title='bbox 939 4817 1152 4889; x_wconf 85' lang='lat' dir='ltr'><strong>quart.</strong></span> <span class='ocrx_word' id='word_1_525' title='bbox 1198 4826 1320 4888; x_wconf 90' lang='lat' dir='ltr'>pro</span> <span class='ocrx_word' id='word_1_526' title='bbox 1367 4807 1541 4867; x_wconf 85' lang='lat' dir='ltr'>lacte</span> <span class='ocrx_word' id='word_1_527' title='bbox 1589 4815 1656 4868; x_wconf 89' lang='lat' dir='ltr'>et</span> <span class='ocrx_word' id='word_1_528' title='bbox 1702 4825 1927 4867; x_wconf 82' lang='lat' dir='ltr'>crema</span> <span class='ocrx_word' id='word_1_529' title='bbox 1972 4805 2076 4867; x_wconf 92' lang='lat' dir='ltr'>III</span> <span class='ocrx_word' id='word_1_530' title='bbox 2125 4825 2225 4888; x_wconf 89' lang='lat' dir='ltr'>gr.</span> <span class='ocrx_word' id='word_1_531' title='bbox 2273 4826 2394 4887; x_wconf 91' lang='lat' dir='ltr'>pro</span> <span class='ocrx_word' id='word_1_532' title='bbox 2442 4804 2546 4867; x_wconf 91' lang='lat' dir='ltr'>III</span> <span class='ocrx_word' id='word_1_533' title='bbox 2592 4804 2968 4868; x_wconf 84' lang='lat' dir='ltr'>octualibus</span> <span class='ocrx_word' id='word_1_534' title='bbox 3018 4805 3297 4868; x_wconf 90' lang='lat' dir='ltr'>ceruisie</span> <span class='ocrx_word' id='word_1_535' title='bbox 3345 4806 3565 4870; x_wconf 89' lang='lat' dir='ltr'><strong>XXII</strong></span> <span class='ocrx_word' id='word_1_536' title='bbox 3612 4805 3799 4868; x_wconf 88' lang='lat' dir='ltr'>scoti.</span> 
     </span>
    </p>

    <p class='ocr_par' dir='ltr' id='par_1_14' title="bbox 939 4912 4209 5531">
     <span class='ocr_line' id='line_1_41' title="bbox 1154 4912 4132 4996; baseline -0 -21"><span class='ocrx_word' id='word_1_537' title='bbox 1154 4913 1307 4976; x_wconf 89' lang='lat' dir='ltr'>Dne</span> <span class='ocrx_word' id='word_1_538' title='bbox 1356 4913 1630 4996; x_wconf 90' lang='lat' dir='ltr'>Regine</span> <span class='ocrx_word' id='word_1_539' title='bbox 1679 4914 1766 4975; x_wconf 83' lang='lat' dir='ltr'>ad</span> <span class='ocrx_word' id='word_1_540' title='bbox 1813 4933 2073 4975; x_wconf 82' lang='lat' dir='ltr'>cenam:</span> <span class='ocrx_word' id='word_1_541' title='bbox 2123 4933 2244 4994; x_wconf 92' lang='lat' dir='ltr'>pro</span> <span class='ocrx_word' id='word_1_542' title='bbox 2291 4933 2502 4977; x_wconf 82' lang='lat' dir='ltr'>vacca</span> <span class='ocrx_word' id='word_1_543' title='bbox 2546 4912 2691 4975; x_wconf 91' lang='lat' dir='ltr'>XV</span> <span class='ocrx_word' id='word_1_544' title='bbox 2737 4912 2921 4987; x_wconf 85' lang='lat' dir='ltr'>scoti,</span> <span class='ocrx_word' id='word_1_545' title='bbox 2969 4933 3092 4994; x_wconf 91' lang='lat' dir='ltr'>pro</span> <span class='ocrx_word' id='word_1_546' title='bbox 3140 4913 3206 4976; x_wconf 95' lang='lat' dir='ltr'>II</span> <span class='ocrx_word' id='word_1_547' title='bbox 3255 4913 3559 4976; x_wconf 85' lang='lat' dir='ltr'>castratis</span> <span class='ocrx_word' id='word_1_548' title='bbox 3597 4912 3736 4974; x_wconf 94' lang='lat' dir='ltr'>VII</span> <span class='ocrx_word' id='word_1_549' title='bbox 3782 4912 3967 4986; x_wconf 88' lang='lat' dir='ltr'>scoti,</span> <span class='ocrx_word' id='word_1_550' title='bbox 4014 4931 4132 4994; x_wconf 86' lang='lat' dir='ltr'>pro</span> 
     </span>
     <span class='ocr_line' id='line_1_42' title="bbox 941 5018 4131 5104; baseline -0.001 -20"><span class='ocrx_word' id='word_1_551' title='bbox 941 5020 1045 5084; x_wconf 91' lang='lat' dir='ltr'><strong>IV</strong></span> <span class='ocrx_word' id='word_1_552' title='bbox 1089 5020 1346 5104; x_wconf 80' lang='lat' dir='ltr'>sugillis</span> <span class='ocrx_word' id='word_1_553' title='bbox 1394 5018 1461 5081; x_wconf 91' lang='lat' dir='ltr'><strong>V</strong></span> <span class='ocrx_word' id='word_1_554' title='bbox 1508 5040 1605 5104; x_wconf 86' lang='lat' dir='ltr'>gr.</span> <span class='ocrx_word' id='word_1_555' title='bbox 1671 5041 1792 5102; x_wconf 92' lang='lat' dir='ltr'>pro</span> <span class='ocrx_word' id='word_1_556' title='bbox 1840 5019 1942 5081; x_wconf 93' lang='lat' dir='ltr'><strong>IV</strong></span> <span class='ocrx_word' id='word_1_557' title='bbox 1990 5021 2174 5082; x_wconf 85' lang='lat' dir='ltr'>aucis</span> <span class='ocrx_word' id='word_1_558' title='bbox 2222 5020 2291 5082; x_wconf 90' lang='grc' dir='ltr'>ΙΙ</span> <span class='ocrx_word' id='word_1_559' title='bbox 2337 5021 2523 5095; x_wconf 86' lang='lat' dir='ltr'>scoti,</span> <span class='ocrx_word' id='word_1_560' title='bbox 2591 5041 2714 5103; x_wconf 91' lang='lat' dir='ltr'>pro</span> <span class='ocrx_word' id='word_1_561' title='bbox 2762 5020 3017 5082; x_wconf 90' lang='lat' dir='ltr'><strong>XXVI</strong></span> <span class='ocrx_word' id='word_1_562' title='bbox 3083 5021 3280 5102; x_wconf 90' lang='lat' dir='ltr'>pullis</span> <span class='ocrx_word' id='word_1_563' title='bbox 3327 5019 3500 5083; x_wconf 91' lang='lat' dir='ltr'><strong>VIII</strong></span> <span class='ocrx_word' id='word_1_564' title='bbox 3545 5021 3714 5083; x_wconf 87' lang='lat' dir='ltr'>scoti</span> <span class='ocrx_word' id='word_1_565' title='bbox 3768 5020 3801 5082; x_wconf 99' lang='lat' dir='ltr'><strong>I</strong></span> <span class='ocrx_word' id='word_1_566' title='bbox 3849 5039 3947 5104; x_wconf 90' lang='lat' dir='ltr'>gr.</span> <span class='ocrx_word' id='word_1_567' title='bbox 4014 5039 4131 5102; x_wconf 91' lang='lat' dir='ltr'>pro</span> 
     </span>
     <span class='ocr_line' id='line_1_43' title="bbox 942 5111 4209 5211; baseline 0 -21"><span class='ocrx_word' id='word_1_568' title='bbox 942 5127 1052 5192; x_wconf 92' lang='lat' dir='ltr'>CC</span> <span class='ocrx_word' id='word_1_569' title='bbox 1097 5127 1243 5191; x_wconf 91' lang='lat' dir='ltr'>ouis</span> <span class='ocrx_word' id='word_1_570' title='bbox 1289 5126 1357 5188; x_wconf 94' lang='lat' dir='ltr'><strong>V</strong></span> <span class='ocrx_word' id='word_1_571' title='bbox 1404 5148 1502 5211; x_wconf 83' lang='lat' dir='ltr'>gr.</span> <span class='ocrx_word' id='word_1_572' title='bbox 1567 5147 1690 5209; x_wconf 91' lang='lat' dir='ltr'>pro</span> <span class='ocrx_word' id='word_1_573' title='bbox 1736 5126 1847 5191; x_wconf 93' lang='lat' dir='ltr'>IX</span> <span class='ocrx_word' id='word_1_574' title='bbox 1893 5127 2104 5190; x_wconf 85' lang='lat' dir='ltr'>caseis</span> <span class='ocrx_word' id='word_1_575' title='bbox 2152 5126 2183 5188; x_wconf 96' lang='lat' dir='ltr'><strong>I</strong></span> <span class='ocrx_word' id='word_1_576' title='bbox 2231 5135 2395 5191; x_wconf 87' lang='lat' dir='ltr'>scot.</span> <span class='ocrx_word' id='word_1_577' title='bbox 2443 5126 2544 5190; x_wconf 89' lang='lat' dir='ltr'><strong>IV</strong></span> <span class='ocrx_word' id='word_1_578' title='bbox 2592 5129 2741 5190; x_wconf 89' lang='lat' dir='ltr'>den.</span> <span class='ocrx_word' id='word_1_579' title='bbox 2806 5148 2929 5209; x_wconf 89' lang='lat' dir='ltr'>pro</span> <span class='ocrx_word' id='word_1_580' title='bbox 2993 5129 3215 5191; x_wconf 89' lang='lat' dir='ltr'>butiro</span> <span class='ocrx_word' id='word_1_581' title='bbox 3281 5127 3349 5189; x_wconf 93' lang='lat' dir='ltr'>II</span> <span class='ocrx_word' id='word_1_582' title='bbox 3414 5129 3576 5191; x_wconf 88' lang='lat' dir='ltr'>scoti</span> <span class='ocrx_word' id='word_1_583' title='bbox 3646 5127 3678 5190; x_wconf 95' lang='lat' dir='ltr'><strong>I</strong></span> <span class='ocrx_word' id='word_1_584' title='bbox 3734 5137 3947 5211; x_wconf 82' lang='lat' dir='ltr'>quart.</span> <span class='ocrx_word' id='word_1_585' title='bbox 4013 5147 4132 5210; x_wconf 88' lang='lat' dir='ltr'>pro</span> <span class='ocrx_word' id='word_1_586' title='bbox 4206 5111 4209 5114; x_wconf 29' lang='lat'><strong>⁴</strong></span> 
     </span>
     <span class='ocr_line' id='line_1_44' title="bbox 939 5233 4131 5319; baseline 0 -23"><span class='ocrx_word' id='word_1_587' title='bbox 939 5236 1113 5298; x_wconf 85' lang='lat' dir='ltr'>lacte</span> <span class='ocrx_word' id='word_1_588' title='bbox 1161 5244 1228 5297; x_wconf 87' lang='lat' dir='ltr'>et</span> <span class='ocrx_word' id='word_1_589' title='bbox 1274 5254 1501 5298; x_wconf 85' lang='lat' dir='ltr'>crema</span> <span class='ocrx_word' id='word_1_590' title='bbox 1547 5233 1648 5297; x_wconf 92' lang='lat' dir='ltr'>III</span> <span class='ocrx_word' id='word_1_591' title='bbox 1698 5254 1794 5317; x_wconf 86' lang='lat' dir='ltr'>gr.</span> <span class='ocrx_word' id='word_1_592' title='bbox 1841 5255 1965 5316; x_wconf 88' lang='lat' dir='ltr'>pro</span> <span class='ocrx_word' id='word_1_593' title='bbox 2012 5247 2203 5298; x_wconf 85' lang='lat' dir='ltr'>aceto</span> <span class='ocrx_word' id='word_1_594' title='bbox 2251 5245 2319 5297; x_wconf 88' lang='lat' dir='ltr'>et</span> <span class='ocrx_word' id='word_1_595' title='bbox 2365 5236 2771 5317; x_wconf 84' lang='lat' dir='ltr'>petrozelino</span> <span class='ocrx_word' id='word_1_596' title='bbox 2821 5236 2852 5297; x_wconf 93' lang='lat' dir='ltr'><strong>I</strong></span> <span class='ocrx_word' id='word_1_597' title='bbox 2899 5255 3001 5319; x_wconf 89' lang='lat' dir='ltr'>gr.</span> <span class='ocrx_word' id='word_1_598' title='bbox 3048 5234 3148 5297; x_wconf 95' lang='lat' dir='ltr'><strong>IV</strong></span> <span class='ocrx_word' id='word_1_599' title='bbox 3187 5237 3335 5298; x_wconf 88' lang='lat' dir='ltr'>den.</span> <span class='ocrx_word' id='word_1_600' title='bbox 3384 5255 3506 5317; x_wconf 88' lang='lat' dir='ltr'>pro</span> <span class='ocrx_word' id='word_1_601' title='bbox 3552 5235 3710 5318; x_wconf 85' lang='lat' dir='ltr'>piris</span> <span class='ocrx_word' id='word_1_602' title='bbox 3756 5244 3825 5297; x_wconf 88' lang='lat' dir='ltr'>et</span> <span class='ocrx_word' id='word_1_603' title='bbox 3868 5234 4131 5316; x_wconf 88' lang='lat' dir='ltr'>prunel-</span> 
     </span>
     <span class='ocr_line' id='line_1_45' title="bbox 939 5340 4131 5426; baseline 0 -22"><span class='ocrx_word' id='word_1_604' title='bbox 939 5343 1113 5404; x_wconf 91' lang='lat' dir='ltr'>libus</span> <span class='ocrx_word' id='word_1_605' title='bbox 1159 5343 1192 5404; x_wconf 95' lang='lat' dir='ltr'><strong>I</strong></span> <span class='ocrx_word' id='word_1_606' title='bbox 1238 5351 1399 5405; x_wconf 89' lang='lat' dir='ltr'>scot.</span> <span class='ocrx_word' id='word_1_607' title='bbox 1446 5361 1569 5423; x_wconf 88' lang='lat' dir='ltr'>pro</span> <span class='ocrx_word' id='word_1_608' title='bbox 1617 5341 1760 5423; x_wconf 58' lang='grc' dir='ltr'>ΙΙῙΙ,ἰ</span> <span class='ocrx_word' id='word_1_609' title='bbox 1803 5341 2049 5405; x_wconf 84' lang='lat' dir='ltr'>octuali</span> <span class='ocrx_word' id='word_1_610' title='bbox 2093 5342 2370 5404; x_wconf 87' lang='lat' dir='ltr'>ceruisie</span> <span class='ocrx_word' id='word_1_611' title='bbox 2415 5341 2449 5404; x_wconf 94' lang='lat' dir='ltr'><strong>I</strong></span> <span class='ocrx_word' id='word_1_612' title='bbox 2496 5362 2657 5404; x_wconf 82' lang='lat' dir='ltr'>mar.</span> <span class='ocrx_word' id='word_1_613' title='bbox 2704 5340 2884 5424; x_wconf 63' lang='lat'>111¹,12</span> <span class='ocrx_word' id='word_1_614' title='bbox 2934 5362 3033 5426; x_wconf 87' lang='lat' dir='ltr'>gr.</span> <span class='ocrx_word' id='word_1_615' title='bbox 3080 5343 3271 5424; x_wconf 85' lang='lat' dir='ltr'>panis</span> <span class='ocrx_word' id='word_1_616' title='bbox 3308 5343 3619 5405; x_wconf 85' lang='lat' dir='ltr'>omnibus</span> <span class='ocrx_word' id='word_1_617' title='bbox 3655 5341 3779 5404; x_wconf 85' lang='lat' dir='ltr'>fuit</span> <span class='ocrx_word' id='word_1_618' title='bbox 3814 5341 4131 5423; x_wconf 82' lang='lat' dir='ltr'>propriuS,</span> 
     </span>
     <span class='ocr_line' id='line_1_46' title="bbox 941 5448 2100 5531; baseline 0.003 -21"><span class='ocrx_word' id='word_1_619' title='bbox 941 5469 1157 5512; x_wconf 87' lang='lat' dir='ltr'>auene</span> <span class='ocrx_word' id='word_1_620' title='bbox 1205 5449 1394 5531; x_wconf 89' lang='lat' dir='ltr'>equis</span> <span class='ocrx_word' id='word_1_621' title='bbox 1441 5448 1516 5511; x_wconf 93' lang='lat' dir='ltr'>X</span> <span class='ocrx_word' id='word_1_622' title='bbox 1564 5468 1770 5512; x_wconf 79' lang='lat' dir='ltr'>mens,</span> <span class='ocrx_word' id='word_1_623' title='bbox 1819 5449 2100 5531; x_wconf 88' lang='lat' dir='ltr'>proprie.</span> 
     </span>
    </p>

    <p class='ocr_par' dir='ltr' id='par_1_15' title="bbox 1159 5553 2615 5640">
     <span class='ocr_line' id='line_1_47' title="bbox 1159 5553 2615 5640; baseline 0.001 -22"><span class='ocrx_word' id='word_1_624' title='bbox 1159 5553 1440 5618; x_wconf 84' lang='lat' dir='ltr'>Summa</span> <span class='ocrx_word' id='word_1_625' title='bbox 1486 5556 1616 5618; x_wconf 89' lang='lat' dir='ltr'>diei</span> <span class='ocrx_word' id='word_1_626' title='bbox 1662 5555 1772 5617; x_wconf 89' lang='lat' dir='ltr'>XI</span> <span class='ocrx_word' id='word_1_627' title='bbox 1821 5576 1980 5618; x_wconf 84' lang='lat' dir='ltr'>mar.</span> <span class='ocrx_word' id='word_1_628' title='bbox 2027 5555 2172 5617; x_wconf 94' lang='lat' dir='ltr'>XII</span> <span class='ocrx_word' id='word_1_629' title='bbox 2219 5555 2390 5619; x_wconf 89' lang='lat' dir='ltr'>scoti</span> <span class='ocrx_word' id='word_1_630' title='bbox 2434 5555 2467 5617; x_wconf 94' lang='lat' dir='ltr'><strong>I</strong></span> <span class='ocrx_word' id='word_1_631' title='bbox 2516 5577 2615 5640; x_wconf 87' lang='lat' dir='ltr'>gr.</span> 
     </span>
    </p>

    <p class='ocr_par' dir='ltr' id='par_1_16' title="bbox 1155 5661 4131 5748">
     <span class='ocr_line' id='line_1_48' title="bbox 1155 5661 4131 5748; baseline 0 -24"><span class='ocrx_word' id='word_1_632' title='bbox 1155 5661 1347 5725; x_wconf 81' lang='lat' dir='ltr'>Feria</span> <span class='ocrx_word' id='word_1_633' title='bbox 1395 5662 1495 5724; x_wconf 89' lang='lat' dir='ltr'><strong>IV</strong></span> <span class='ocrx_word' id='word_1_634' title='bbox 1544 5663 1700 5748; x_wconf 75' lang='lat' dir='ltr'><em>(2s9)</em></span> <span class='ocrx_word' id='word_1_635' title='bbox 1750 5665 1885 5726; x_wconf 91' lang='lat' dir='ltr'>dno</span> <span class='ocrx_word' id='word_1_636' title='bbox 1936 5663 2122 5746; x_wconf 90' lang='lat' dir='ltr'>Regi</span> <span class='ocrx_word' id='word_1_637' title='bbox 2170 5665 2253 5724; x_wconf 85' lang='lat' dir='ltr'>ad</span> <span class='ocrx_word' id='word_1_638' title='bbox 2303 5663 2694 5744; x_wconf 84' lang='lat' dir='ltr'>prandium:</span> <span class='ocrx_word' id='word_1_639' title='bbox 2761 5685 2883 5745; x_wconf 89' lang='lat' dir='ltr'>pro</span> <span class='ocrx_word' id='word_1_640' title='bbox 2950 5663 3245 5745; x_wconf 88' lang='lat' dir='ltr'>piscibus</span> <span class='ocrx_word' id='word_1_641' title='bbox 3307 5663 3687 5726; x_wconf 84' lang='lat' dir='ltr'>recentibus</span> <span class='ocrx_word' id='word_1_642' title='bbox 3736 5663 3767 5724; x_wconf 92' lang='lat' dir='ltr'><strong>I</strong></span> <span class='ocrx_word' id='word_1_643' title='bbox 3816 5682 3977 5726; x_wconf 83' lang='lat' dir='ltr'>mar.</span> <span class='ocrx_word' id='word_1_644' title='bbox 4024 5662 4131 5724; x_wconf 90' lang='lat' dir='ltr'>IX</span> 
     </span>
    </p>
   </div>
  </div>
 </body>
</html>
