4592 6559
1019 475 1146 556 546
1367 485 1746 558 REJESTRA
1797 473 2220 554 waraossxt
2268 487 2925 556 wmumRQmffl
2976 486 3635 546 KRAKOWSKIEGo.
3693 494 3875 576 ¹4²0·

1233 693 1403 755 Item
1451 692 1616 755 feria
1661 695 1866 756 tercia
1915 697 2054 776 (12)
2059 697 2116 775 3)
2164 697 2487 778 sequenti,
2537 697 2808 758 domino
2856 696 3046 780 Regi
3090 698 3179 759 ad
3224 697 3615 778 prandium':

1233 801 1428 862 Item·
1454 821 1576 882 pro
1623 802 1916 884 piscibus
1961 791 2342 866 recentibus
2389 803 2489 865 VI
2537 824 2697 866 mar.
2746 803 2924 866 XIII
2972 825 3062 868 sc.
3108 805 3268 866 item
3316 804 3531 886 pisces
3576 804 3732 866 salsi
3778 814 3846 866 et
3892 805 4107 866 alleca
4154 813 4219 865 et

1019 909 1264 980 oleum,
1313 909 1468 970 item
1521 929 1640 991 pro
1690 909 2106 972 cruczmorka
2153 920 2220 974 et
2255 909 2629 994 pasternak
2664 910 2765 972 VI
2812 931 2901 974 sc.
2950 911 3106 974 item
3155 931 3277 993 pro
3323 931 3661 994 papauere
3706 920 3775 974 et
3820 911 4077 973 semine
4116 931 4224 973 ca·

1020 1016 1176 1096 napi
1224 1015 1394 1077 VIII
1441 1037 1530 1078 sc.
1596 1017 1754 1078 item
1804 1017 2042 1099 pisum,
2109 1018 2382 1091 milium,
2447 1029 2637 1081 erant
2701 1017 2985 1100 propria,
3050 1018 3207 1080 item
3274 1038 3397 1100 pro
3460 1029 3749 1082 anenata
3794 1029 3862 1080 et
3908 1018 4223 1080 lenticula

1021 1132 1310 1203 quatuor
1355 1143 1443 1185 se.
1509 1123 1666 1184 item
1715 1143 1838 1204 pro
1885 1123 2158 1187 simellis
2206 1125 2307 1186 VI
2356 1105 2541 1188 scot]
2582 1125 2740 1189 item
2804 1146 2928 1208 pro
2991 1135 3251 1208 septem
3318 1125 3693 1189 octualibus
3759 1124 4041 1188 ceruisie
4106 1145 4225 1206 per

1020 1228 1193 1291 VIII
1241 1250 1328 1292 sc,
1379 1231 1511 1292 due
1558 1251 1721 1294 mar.
1769 1231 1941 1293 VIII
1988 1233 2173 1295 scoti.

1235 1337 1403 1400 Item
1454 1336 1813 1420 pistoribus
1860 1339 2236 1422 regalibus:
2285 1360 2409 1422 pro
2456 1340 2749 1422 piscibus
2794 1340 3176 1404 recentibus
3220 1339 3331 1402 IX
3378 1359 3466 1404 se.
3534 1340 3689 1404 item
3738 1359 3862 1422 pro
3909 1341 4062 1403 oleo
4108 1360 4219 1422 pa-

1022 1443 1286 1524 paueris
1332 1443 1397 1504 V
1445 1451 1607 1508 scot.

1237 1535 1407 1614 Item
1458 1554 1544 1615 ad
1591 1553 1945 1635 coquinam
1996 1554 2265 1617 domine
2313 1555 2589 1639 Regine
2636 1566 2702 1619 et
2750 1555 3009 1618 iuuenis
3058 1555 3367 1639 Regiae:
3416 1555 3573 1620 item
3624 1576 3745 1638 pro
3792 1555 4086 1638 piscibus
4121 1576 4218 1617 re-

1023 1658 1330 1721 centibus
1377 1669 1442 1720 et
1489 1661 1608 1742 aiij·
1644 1661 1911 1744 proprij,
1959 1662 2140 1742 111¹,12
2203 1683 2362 1725 mar.
2428 1663 2587 1726 item
2653 1664 2871 1745 pisces
2936 1663 3108 1737 salsi,
3174 1664 3387 1725 alleca
3433 1663 3500 1724 in
3547 1671 3846 1744 aparatu,
3894 1663 4052 1724 item
4102 1683 4220 1744 pro

1025 1765 1440 1830 cruczmorka
1487 1777 1551 1828 et
1590 1768 1962 1851 pasternak
2025 1779 2161 1832 tres
2217 1789 2308 1834 sc.
2375 1770 2533 1832 item
2600 1790 2723 1852 pro
2790 1790 3143 1853 papauere,
3209 1769 3464 1832 semine
3528 1770 3767 1851 canapi
3814 1768 3879 1830 V
3926 1790 4018 1832 sc.
4062 1769 4218 1832 item

1020 1874 1260 1954 pisum,
1307 1874 1560 1936 milium
1609 1884 1797 1938 erant
1843 1876 2127 1958 propria,
2173 1876 2331 1940 item
2380 1897 2504 1958 pro
2541 1876 2813 1939 simellis
2849 1888 2918 1940 et
2954 1876 3219 1941 circulis
3257 1876 3367 1939 IX
3404 1897 3504 1960 gr.
3552 1877 3711 1940 item
3758 1897 3883 1958 pro
3927 1877 4221 1959 quinque

1023 1981 1397 2044 octualibus
1445 1981 1718 2044 ceruisie
1769 1981 1834 2044 V
1883 2003 2042 2047 mar.
2090 1984 2276 2046 XXI
2325 1994 2487 2047 scot.

1238 2087 1539 2151 Dierario
1605 2090 1688 2150 ad
1757 2091 2290 2154 distribuendum
2359 2091 2596 2154 dieria:
2663 2092 2821 2153 item
2888 2112 3009 2173 pro
3072 2090 3365 2172 piscibus
3432 2089 3812 2153 recentibus
3860 2090 4005 2170 11112
4066 2111 4221 2153 mar.

1024 2195 1180 2256 item
1229 2182 1445 2276 pisces
1492 2195 1648 2258 salsi
1697 2207 1764 2258 et
1812 2198 2024 2260 alleca
2068 2200 2413 2279 patebunt,
2461 2199 2615 2260 item
2664 2199 2902 2281 pisum,
2968 2198 3221 2261 milium
3288 2198 3559 2280 propria
3624 2208 3833 2270 erant,
3897 2198 4057 2260 item
4103 2217 4223 2279 pro

1024 2284 1287 2363 duabus
1336 2284 1662 2365 mensuris
1708 2305 1978 2366 seminis
2027 2305 2265 2386 canapi
2312 2304 2455 2367 XV
2502 2316 2663 2368 scot.
2711 2306 2868 2368 item
2916 2326 3039 2388 pro
3078 2305 3351 2368 simellis
3388 2300 3634 2387 Ix'gr.
3682 2305 3839 2367 item
3879 2324 4004 2386 pro
4042 2303 4221 2366 XIX

1024 2409 1402 2471 octualibus
1447 2393 1724 2472 ceruisie
1772 2431 1894 2493 per
1940 2411 2110 2476 VIII
2159 2421 2320 2475 scot.
2386 2413 2452 2475 in
2500 2423 2643 2476 toto
2690 2413 2847 2476 facit
2893 2433 3018 2475 sex
3065 2432 3227 2477 mar.
3286 2433 3440 2476 cum
3488 2422 3644 2474 octo
3690 2420 3852 2475 scot.
3898 2411 4057 2474 item
4111 2409 4224 2474 fal-

1025 2516 1299 2578 conistis
1343 2537 1466 2598 pro
1513 2517 1710 2598 pullis
1758 2528 1825 2580 et
1871 2519 2202 2580 columbis
2247 2539 2450 2601 super
2497 2521 2666 2582 duos
2714 2520 2856 2582 dics
2904 2519 3046 2583 XV
3094 2539 3184 2583 sc.

1241 2621 1522 2686 Summa
1569 2623 1727 2686 facit
1773 2625 2011 2708 viginti
2058 2625 2123 2686 V
2127 2625 2160 2687 1
2207 2646 2368 2690 mar.
2415 2626 2487 2688 X
2536 2636 2696 2689 scot.

1240 2730 1408 2792 Item
1458 2730 1621 2793 feria
1667 2725 2262 2813 quarta'proxima
2310 2735 2614 2816 sequenti
2674 2735 2879 2816 (13s3)
2943 2735 3027 2796 ad
3076 2733 3430 2815 prandium
3498 2731 3768 2796 domine
3836 2732 4115 2817 Regine
4160 2733 4223 2795 in

1027 2836 1500 2901 Proschowicze
1519 2863 1543 2899 .·
1609 2839 1764 2901 item
1814 2860 1936 2921 pro
1982 2841 2274 2922 piscibus
2338 2840 2719 2903 recentibus
2768 2839 2831 2901 V
2848 2840 2909 2921 ¹s2
2969 2861 3130 2904 mar.
3196 2841 3353 2902 item
3421 2839 3635 2921 pisces
3700 2841 3855 2903 salsi
3902 2851 3973 2903 et
4019 2841 4225 2903 alleca

1025 2947 1352 3026 patebunt
1397 2946 1462 3008 in
1512 2957 1853 3029 apparatu,
1901 2949 2061 3011 item
2111 2950 2337 3011 oleum
2386 2949 2596 3011 eciam
2646 2947 2902 3030 patebit
2946 2947 3012 3009 in
3061 2957 3406 3029 apparatU,
3453 2947 3609 3017 item
3650 2967 3772 3029 pro
3811 2945 4227 3009 cruczmorka

1025 3064 1094 3115 et
1129 3052 1497 3137 pasternak
1545 3053 1653 3115 IX
1703 3075 1802 3138 gr.
1850 3054 2010 3116 item
2059 3075 2182 3137 pro
2230 3067 2519 3118 anenata
2566 3065 2635 3117 et
2680 3054 2993 3116 lenticula
3042 3063 3332 3135 quatuor
3374 3064 3537 3116 scot.
3603 3053 3763 3116 item
3813 3074 3934 3134 pro
3982 3054 4227 3135 rapulis

1028 3162 1112 3223 ad
1162 3162 1446 3223 eandem
1495 3161 1851 3243 coquinam
1902 3162 1966 3223 II
2015 3173 2175 3224 scot.
2231 3163 2395 3225 item
2444 3182 2566 3243 pro
2612 3180 2749 3223 vna
2796 3161 2868 3242 (s)
2919 3161 3026 3240 I²s²
3086 3181 3245 3224 coro
3290 3160 3411 3242 pisi
3462 3159 3599 3223 VII
3614 3161 3677 3240 ¹l2
3737 3181 3835 3244 gr.·
3900 3159 4063 3223 item
4108 3180 4227 3242 pro

1029 3287 1166 3329 vno
1214 3286 1372 3329 coro
1423 3267 1599 3349 milij‚
1647 3266 1803 3349 quia
1849 3269 1980 3330 iarn
2049 3253 2318 3351 propria
2382 3267 2753 3340 defuerant,
2819 3277 3108 3349 quatuor
3152 3287 3242 3329 se.
3310 3267 3468 3330 item
3517 3287 3641 3348 pro
3687 3267 3945 3330 semine
3992 3269 4224 3350 canapi

979 3401 988 3409 ·
1029 3384 1095 3435 et
1121 3375 1476 3456 papauere
1524 3374 1625 3436 VI
1673 3395 1763 3437 se.
1829 3374 1986 3437 item
2037 3395 2159 3456 pro
2215 3376 2509 3440 semellis
2556 3374 2621 3435 V
2670 3385 2831 3437 scot.
2897 3375 3056 3437 item
3122 3395 3246 3456 pro
3293 3373 3463 3436 VIII
3512 3375 3891 3438 octualibus
3938 3375 4224 3448 ceruisie,

1029 3481 1376 3563 quodlibet
1422 3463 1807 3563 recipiendo
1854 3503 1977 3564 per
2023 3481 2194 3543 VIII
2239 3503 2331 3546 sc.
2380 3483 2525 3562 11¹s2
2586 3485 2787 3563 (mar.)
2835 3502 2991 3546 cum
3038 3481 3210 3544 VIII
3258 3492 3421 3545 scot
3988 3493 3999 3498 ’

975 3603 982 3607 ·
1245 3588 1616 3650 Pistoribus
1662 3588 2040 3672 regalibus:
2089 3589 2248 3651 item
2296 3610 2421 3671 pro
2469 3590 2760 3671 piscibus
2816 3589 3197 3652 recentibus
3242 3590 3330 3653 ad
3376 3587 3758 3652 frixandum
3808 3589 3875 3651 in
3924 3589 4077 3652 oleo
4123 3587 4226 3650 XI

1030 3706 1192 3758 scot
1238 3696 1395 3758 item
1446 3717 1567 3776 pro
1617 3698 1767 3758 oleo
1815 3696 2170 3778 papaueris
2217 3696 2327 3758 XI
2376 3717 2477 3780 gr.

1245 3803 1363 3866 Ad
1410 3803 1767 3885 coquinam
1817 3803 2088 3866 domine
2137 3803 2411 3886 Regine
2460 3813 2526 3866 et
2573 3803 2831 3866 iuuenis
2878 3803 3187 3887 Regine:
3235 3804 3396 3866 item
3443 3824 3566 3886 pro
3615 3803 3908 3884 piscibus
3952 3804 4221 3866 recenti-

1031 3893 1158 3972 bus
1204 3918 1340 3972 tres
1386 3929 1549 3972 mar.
1599 3910 1784 3994 XXI
1832 3909 2018 3990 scoti,
2083 3910 2239 3972 item
2288 3910 2505 3991 pisces
2570 3909 2726 3972 salsi
2773 3920 2842 3972 et
2888 3911 3116 3983 alleca,
3182 3912 3405 3972 oleum
3472 3909 3725 3992 patebit
3769 3911 3837 3972 in
3886 3922 4221 3992 apparatu,

1029 4017 1186 4078 item
1238 4037 1362 4098 pro
1411 4017 1828 4079 cruczmorka
1875 4026 1942 4078 et
1975 4016 2347 4100 pasternak
2392 4027 2681 4100 quatuor
2724 4028 2886 4080 scot.
2950 4017 3108 4080 item
3156 4037 3279 4099 pro
3326 4019 3477 4080 oleo
3543 4016 3899 4100 papaueris
3948 4017 4085 4080 IIII
4130 4038 4223 4102 gr.

1029 4125 1188 4186 item
1235 4144 1358 4206 pro
1406 4145 1741 4207 papauere
1789 4135 1856 4187 et
1881 4125 2155 4187 semine
2211 4125 2449 4206 canapi
2498 4123 2562 4185 V
2612 4133 2774 4186 scot.
2840 4126 2999 4186 item
3049 4145 3171 4204 pro
3217 4143 3375 4186 coro
3420 4123 3543 4206 pisi
3592 4133 3659 4186 et
3705 4122 3838 4186 alio
3888 4125 4045 4208 milij
4096 4124 4224 4186 VII

1017 4241 1194 4294 scot.
1241 4231 1399 4294 item
1449 4251 1571 4313 pro
1619 4213 1910 4294 semellis
1961 4233 2045 4294 ad
2095 4251 2398 4294 mensam
2447 4231 2743 4313 quinque
2790 4251 2879 4294 se.
2945 4231 3102 4292 item
3152 4251 3274 4312 pro
3323 4231 3619 4313 quinque
3666 4231 4045 4294 octualibus
4090 4251 4223 4293 cer·

965 4365 970 4370 ·
1033 4339 1214 4412 uisie‚
1262 4338 1612 4419 quodlibet
1658 4337 2039 4418 recipiendo
2089 4337 2228 4418 per‘
2255 4346 2409 4400 octo
2457 4347 2699 4412 scotOS‚
2746 4337 2907 4401 facit
2950 4357 3114 4402 mar.
3162 4357 3322 4400 cum·
3366 4335 3545 4400 XVI
3592 4347 3757 4401 scot.

1123 4497 1129 4500 .
1246 4443 1582 4508 Secuntur
1627 4445 1978 4507 distributa
2025 4444 2457 4507 dietariorum
2524 4465 2645 4526 per
2690 4445 3073 4528 dyerarium
3121 4445 3372 4508 domini
3420 4443 3677 4528 Regis:
3726 4445 3885 4507 item
3932 4464 4059 4526 pro
4102 4441 4224 4526 pis-

1032 4553 1218 4616 cibus
1265 4553 1645 4616 recentibus
1691 4553 1822 4614 due
1871 4571 2031 4614 mar.
2079 4551 2217 4613 VII
2263 4572 2353 4616 sc.
2411 4552 2569 4614 item
2618 4552 2833 4632 pisces
2878 4550 3052 4624 salsi,
3118 4551 3451 4636 angwille,
3500 4554 3722 4615 oleum
3793 4555 4116 4634 patebunt
4160 4553 4221 4614 in

1033 4669 1376 4742 apparatu.-
1699 4641 1704 4646 ⁶

1245 4766 1419 4828 Item
1468 4767 1601 4828 due
1649 4785 1962 4828 mensure
2008 4764 2130 4846 pisi
2176 4785 2301 4847 pro
2348 4765 2570 4829 media
2625 4785 2859 4850 sexag.
2924 4765 3081 4828 item
3148 4786 3270 4848 pro
3318 4765 3387 4827 II
3435 4766 3764 4829 mensuris
3831 4765 4009 4850 milij‚
4076 4768 4225 4849 quia

1033 4874 1162 4936 iam
1211 4873 1477 4956 propria
1524 4871 1891 4945 defuerant,
1939 4871 2320 4954 recipiendo
2368 4881 2598 4935 corum
2646 4893 2765 4955 per
2812 4872 2983 4935 VIII
3024 4891 3120 4956 gr.
3161 4892 3320 4935 mar.
3367 4874 3527 4936 item
3574 4893 3699 4954 pro
3746 4875 4013 4936 duabus
4049 4894 4225 4935 men·

1033 4982 1204 5044 suris
1249 4980 1522 5044 seminis
1567 4980 1806 5062 canapi
1866 4979 1942 5061 'lx'
1987 4999 2148 5042 mar.
2196 4979 2356 5042 item
2404 4999 2526 5060 pro
2573 4978 2866 5042 semellis
2922 4989 3210 5062 quatuor
3255 4998 3344 5043 se.
3392 4979 3550 5042 item
3602 5000 3725 5062 pro
3774 4979 3958 5043 XIX
4007 4992 4227 5044 octua-

1038 5085 1222 5151 libus'
1261 5088 1558 5162 ceruisie‚
1605 5087 1987 5168 recipiendo
2037 5087 2384 5168 quodlibet
2431 5088 2695 5149 octuale
2740 5107 2863 5168 per
2900 5085 3071 5148 VIII
3119 5095 3281 5150 scot.
3330 5098 3397 5149 et
3440 5085 3599 5149 facit
3644 5087 3711 5150 in
3750 5097 3894 5150 toto
3934 5087 4035 5149 VI
4075 5107 4225 5151 mar.

967 5193 1020 5230 ··’
1042 5195 1210 5257 VIII
1236 5205 1417 5258 ·scot.
1467 5196 1625 5262 item
1675 5193 2038 5258 falconistis
2083 5213 2204 5274 pro
2251 5193 2467 5274 pulliS,
2513 5194 2841 5256 columbis
2890 5202 2956 5256 et
3000 5193 3279 5278 sugellis
3327 5192 3392 5255 II
3438 5192 3582 5256 fert.

1257 5301 1425 5363 Item
1475 5299 1639 5362 feria
1683 5301 1916 5382 quinta
1961 5300 2266 5382 sequenti
2293 5299 2517 5382 ·(14l3)
2583 5300 2893 5362 dominus
2950 5299 3112 5362 Rex
3179 5302 3263 5363 de
3312 5297 3784 5364 Proschowicze
3844 5303 4121 5364 recessit
4162 5301 4225 5363 in

1041 5405 1480 5478 Schlommkz‘,
1547 5408 1666 5470 sed
1713 5406 1984 5470 domina
2051 5407 2327 5489 Regina
2392 5426 2545 5468 cum
2612 5408 2877 5470 queni⁴
2913 5417 2978 5469 et
3041 5409 3267 5490 pueris
3330 5407 3607 5492 Regiae
3650 5409 3716 5471 in
3736 5433 3741 5442 ·
3764 5407 4229 5473 R‘oschowiczc

1044 5515 1288 5578 mansit
1333 5523 1401 5576 et
1445 5514 1958 5596 prelibauerunt.
2032 5512 2204 5575 Item
2252 5514 2339 5576 ad
2386 5515 2668 5576 eandem
2714 5515 3235 5597 prelibacionem
3281 5515 3554 5599 Regiae
3600 5526 3670 5579 et
3706 5516 4069 5580 quenium
4112 5537 4227 5600 pro
