4592 6559
946 516 1324 582 REJESTRA
1371 516 1638 582 STACYJ
1685 517 1976 566 DWORU
2026 504 2292 568 KRoLA
2344 518 2374 566 1
2422 504 2858 583 KROLOWEJ.
2917 526 3098 584 1404.
3500 527 3614 588 291

640 718 812 781 Item
859 718 993 780 dne
1040 716 1314 800 Regine
1361 717 1447 779 ad
1495 736 1764 780 cenam:
1830 717 1987 780 item
2055 737 2176 800 pro
2222 717 2517 800 piscibus
2562 719 2943 782 recentibus
2990 719 3169 782 XIII
3218 719 3403 794 scoti,
3467 720 3625 784 item

429 845 548 909 pro
596 827 748 888 oleo
795 824 898 887 III
943 824 1128 896 scoti,
1172 823 1334 886 item
1383 823 1660 887 ceruisie
1707 824 1774 887 II
1821 824 2112 888 octualia
2155 825 2440 908 propria.

639 931 923 996 Summa
967 931 1144 994 diete
1191 931 1300 994 XI
1349 951 1532 994 mars
1557 931 1737 994 XIV
1783 932 1967 996 scoti.

639 1040 810 1103 Item
857 1038 1022 1102 feria
1067 1038 1135 1101 II
1183 1039 1386 1120 (18s2)
1434 1040 1571 1102 dno
1619 1038 1804 1122 Regi
1851 1041 1937 1102 ad
1985 1039 2374 1121 prandium:
2442 1040 2599 1102 item
2657 1060 2779 1121 pro
2826 1040 3119 1120 piscibus
3166 1042 3546 1106 recentibus
3593 1043 3626 1104 I

427 1171 586 1212 mar.
634 1147 778 1210 XV
824 1157 986 1211 scot.
1032 1147 1191 1210 item
1237 1167 1360 1229 pro
1407 1147 1558 1210 oleo
1607 1145 1706 1208 VI
1754 1146 1939 1218 scoti,
1983 1146 2144 1210 item
2193 1146 2474 1210 ceruisie
2519 1146 2621 1208 VI
2668 1146 2957 1210 octualia
3003 1148 3287 1230 propria.
3376 1186 3383 1194 ·

639 1256 810 1319 Item
858 1254 1014 1317 duci
1059 1254 1376 1318 Bolconi:
1423 1253 1582 1316 item
1631 1273 1755 1336 pro
1801 1253 2094 1336 piscibus
2138 1233 2520 1317 recentibus
2569 1253 2669 1316 VI
2716 1255 2901 1329 scoti,
2965 1255 3125 1319 item
3189 1277 3311 1338 pro
3356 1258 3509 1320 oleo
3556 1257 3625 1319 ΙΙ

429 1365 610 1438 scoti,
658 1363 818 1427 item
867 1383 989 1444 pro
1036 1362 1067 1424 Ι
1115 1362 1361 1424 octuali
1407 1360 1686 1425 ceruisie
1731 1359 1836 1422 VI
1883 1359 2068 1423 scoti.

639 1473 809 1534 Item
857 1470 1012 1534 duci
1059 1469 1464 1532 Semisconi:
1512 1468 1674 1531 item
1721 1489 1842 1550 pro
1889 1467 2181 1549 piscibus
2225 1469 2607 1532 recentibus
2654 1469 2755 1532 VI
2812 1470 2997 1539 scoti,
3060 1470 3218 1533 item
3285 1489 3408 1552 pro
3472 1471 3624 1534 oleo

427 1581 459 1642 Ι
503 1589 662 1643 scot.
709 1579 866 1641 item
915 1596 1038 1660 pro
1087 1577 1118 1639 Ι
1166 1575 1412 1639 octuali
1460 1575 1738 1638 ceruisie
1784 1575 1887 1638 VI
1933 1575 2117 1638 scoti.

638 1687 807 1749 Item
857 1683 1290 1748 marsalconi:
1338 1683 1496 1745 item
1543 1703 1666 1764 pro
1712 1682 2006 1764 piscibus
2049 1683 2435 1747 recentibus
2480 1683 2580 1746 IV
2620 1684 2805 1758 scoti,
2851 1684 3011 1746 item
3049 1704 3171 1766 pro
3209 1685 3361 1747 oleo
3399 1685 3431 1746 Ι
3458 1696 3623 1748 scot.

425 1795 582 1858 item
631 1813 753 1875 pro
801 1793 833 1854 Ι
880 1791 1127 1854 octuali
1172 1791 1450 1864 ceruisie
1496 1788 1599 1851 VI
1645 1790 1830 1852 scoti.

636 1901 809 1963 Item
854 1899 1230 1982 hospitibus
1277 1901 1363 1962 de
1411 1897 1770 1961 Bohemia:
1817 1899 1978 1960 item
2025 1918 2149 1979 pro
2195 1898 2489 1978 piscibus
2536 1897 2917 1961 recentibus
2966 1897 3029 1959 V
3068 1899 3255 1972 scoti,
3300 1898 3460 1961 item
3499 1918 3623 1980 pro

423 2011 572 2072 oleo
618 2009 650 2071 I
696 2019 860 2071 scot.
905 2008 1064 2070 item
1111 2025 1234 2088 pro
1283 2006 1316 2068 I
1363 2005 1608 2068 octuali
1654 2004 1930 2067 ceruisie
1979 2004 2078 2066 VI
2127 2005 2313 2068 scoti.

636 2117 809 2180 Item
859 2117 994 2178 dno
1042 2115 1124 2178 N.
1172 2112 1750 2177 vicecancellario:
1798 2113 1958 2176 item
2005 2133 2130 2195 pro
2175 2112 2469 2194 piscibus
2516 2113 2896 2176 recentibus
2933 2111 3034 2174 IV
3072 2113 3257 2187 scoti,
3303 2113 3461 2175 item
3500 2132 3622 2194 pro

422 2227 573 2289 oleo
620 2226 651 2287 Ι
699 2235 862 2288 scot.
908 2223 1068 2286 item
1115 2241 1237 2303 pro
1283 2222 1316 2283 I
1363 2220 1613 2283 octuali
1659 2219 1938 2283 ceruisie
1985 2219 2089 2282 VI
2135 2220 2320 2283 scoti.

635 2334 805 2396 Item
853 2328 1254 2394 falconistis:
1301 2328 1461 2391 item
1509 2348 1632 2409 pro
1677 2327 1974 2410 piscibus
2017 2327 2399 2391 recentibus
2432 2327 2530 2388 VI
2578 2327 2764 2402 scoti,
2811 2327 2970 2390 item
3010 2347 3134 2409 pro
3164 2328 3312 2390 oleo
3340 2327 3408 2390 II
3435 2327 3622 2402 scoti,

418 2442 578 2503 item
625 2459 748 2522 pro
793 2439 826 2500 Ι
873 2437 1120 2500 octuali
1165 2435 1442 2499 ceruisie
1489 2435 1590 2497 VI
1637 2435 1820 2498 scoti.

635 2547 806 2609 Item
856 2546 999 2609 aliis
1049 2542 1388 2608 Ruthenis
1434 2563 1636 2624 super
1681 2543 1888 2606 diaria
1930 2543 2228 2624 ipsorum
2279 2562 2433 2605 cum
2481 2543 2788 2605 Polonis:
2834 2542 2993 2605 item
3034 2563 3155 2624 pro
3192 2542 3485 2624 piscibus
3522 2561 3621 2604 re-

421 2657 726 2721 centibus
773 2653 1018 2716 XVIII
1067 2651 1252 2724 scoti,
1299 2651 1456 2712 item
1503 2637 1654 2732 pro’
1682 2651 1832 2712 oleo
1879 2649 2022 2730 Vll„
2081 2650 2266 2722 scoti,
2332 2650 2490 2712 item
2558 2671 2682 2731 pro
2746 2650 2847 2713 III
2912 2649 3290 2714 octualibus
3344 2649 3622 2712 ceruisie

419 2763 668 2828 XVIII
713 2761 898 2826 scoti.

635 2871 804 2933 Item
852 2867 1118 2933 ducisse
1163 2885 1316 2929 cum
1366 2865 1936 2928 domenicellabus
1981 2884 2184 2946 super
2231 2885 2505 2927 cenam:
2551 2865 2713 2928 item
2752 2885 2874 2946 pro
2911 2865 3205 2947 piscibus
3242 2863 3623 2928 recentibus

422 2978 576 3050 VII,
605 2977 788 3049 scoti,
836 2975 996 3036 item
1045 2993 1167 3056 pro
1214 2973 1366 3035 oleo
1414 2971 1481 3034 II
1528 2971 1712 3036 scoti.

634 3081 916 3146 Summa
963 3081 1139 3143 diete
1187 3079 1358 3141 VIII
1407 3099 1567 3142 mar.
1617 3078 1757 3140 XV
1775 3078 1837 3158 ¹l2
1896 3079 2078 3141 scoti.

632 3190 804 3253 Item
851 3198 1212 3270 apparatus
1257 3187 1341 3248 ad
1390 3185 1756 3268 predictam
1796 3185 2162 3249 stacionem
2201 3187 2505 3268 superius
2543 3206 2622 3250 ac
2662 3185 2931 3249 inferius
2968 3187 3283 3269 scriptam
3322 3206 3445 3269 pro
3484 3187 3620 3250 dno

420 3301 656 3382 Rege:
705 3297 861 3360 item
909 3316 1032 3377 pro
1077 3294 1180 3357 IV
1228 3295 1498 3357 thurinis
1543 3295 1926 3366 allecorum,
1991 3294 2286 3377 quelibet
2341 3303 2552 3356 tunna
2614 3314 2733 3376 per
2779 3295 2810 3357 I
2858 3313 3018 3357 mar.
3066 3292 3246 3356 XVI
3291 3305 3455 3357 scot.
3519 3303 3621 3357 tot

417 3406 577 3471 facit
623 3405 724 3468 VI
771 3425 932 3468 mar.
981 3401 1158 3466 XIV
1205 3413 1370 3465 scot.
1416 3403 1574 3464 item
1622 3421 1745 3483 pro
1793 3401 1894 3463 ΙΙΙ
1941 3401 2218 3464 thurinis
2262 3401 2541 3483 piscium
2590 3403 3011 3471 sensatorum,
3066 3401 3364 3484 quelibet
3408 3413 3620 3464 tunna

417 3535 539 3597 per
584 3513 652 3576 II
699 3532 858 3575 mar.
905 3521 1006 3574 tot
1050 3509 1207 3572 facit
1255 3508 1355 3571 VI
1404 3528 1564 3571 mar.
1611 3508 1774 3576 item
1817 3528 1940 3590 pro
1987 3507 2090 3571 III
2128 3529 2363 3592 sexag.
2402 3509 2851 3582 scutellarum,
2888 3508 3187 3590 quelibet
3224 3528 3459 3592 sexag.
3498 3528 3620 3590 per

418 3621 520 3685 IV
567 3641 665 3704 gr.
712 3619 855 3682 XV
904 3638 1004 3702 gr.
1049 3618 1208 3680 item
1256 3635 1380 3698 pro
1427 3614 1599 3678 VIII
1644 3635 1879 3698 sexag.
1927 3616 2230 3688 ollarum,
2275 3616 2573 3697 quelibet
2616 3636 2965 3700 sexagena
3010 3636 3130 3698 per
3169 3614 3271 3678 IV
3301 3635 3400 3698 gr.
3438 3615 3617 3678 XVI

417 3729 619 3802 scoti;
665 3727 824 3791 item
873 3745 996 3808 pro
1043 3724 1142 3786 IV
1191 3723 1422 3786 cribris
1469 3723 1650 3786 dicta
1692 3721 1890 3794 sitha,
1939 3723 2288 3805 quodlibet
2332 3744 2454 3805 per
2499 3724 2566 3786 II
2614 3745 2712 3807 gr.
2762 3735 2860 3787 tot
2896 3723 3053 3786 facit
3089 3722 3191 3786 IV
3229 3723 3412 3796 scoti,
3458 3723 3617 3787 item

416 3856 540 3919 pro
587 3835 663 3898 X
709 3834 935 3907 alueis,
983 3831 1260 3915 quilibet
1307 3832 1542 3893 alueus
1585 3850 1708 3912 per
1767 3830 1828 3909 ΙΙ,
1888 3850 1986 3912 gr.
2031 3829 2193 3894 facit
2238 3830 2304 3890 V
2354 3850 2453 3913 gr.
2500 3830 2661 3894 item
2708 3850 2830 3912 pro
2870 3829 2969 3892 VI
3008 3829 3240 3893 cribris
3278 3827 3615 3901 nessotho,

416 3943 766 4028 quodlibet
811 3961 933 4023 per
989 3941 1053 4020 'lae
1113 3959 1210 4022 gr.
1259 3948 1360 4002 tot
1402 3936 1564 4001 facit
1609 3937 1712 4000 ΙΙΙ
1761 3957 1858 4021 gr.
1907 3937 2067 4000 item
2116 3957 2238 4020 pro
2286 3937 2387 3999 VI
2435 3937 2653 4012 thinis,
2699 3937 2998 4020 quelibet
3044 3937 3232 4002 thina
3266 3934 3371 3998 VI
3410 3957 3507 4021 gr.
3532 3974 3615 3982 ——

416 4052 590 4115 Item
637 4051 723 4112 ad
769 4049 964 4111 istam
1012 4045 1380 4110 stacionem
1427 4045 1619 4127 panis
1666 4045 1862 4107 albus
1907 4054 1975 4107 et
2019 4045 2384 4128 siligineus,
2432 4046 2549 4118 sal,
2594 4045 2830 4128 pisum,
2869 4044 3157 4118 mileum,
3198 4063 3363 4126 cepe
3392 4054 3462 4108 et
3490 4045 3619 4108 alia

415 4159 630 4222 eciam
677 4155 1037 4220 habuimus
1080 4153 1348 4236 propria
1393 4154 1480 4216 de
1525 4151 1802 4215 allodiis,

633 4263 918 4329 Summa
963 4269 1328 4344 apparatus
1373 4259 1552 4321 XIV
1603 4279 1762 4322 mar.
1811 4259 1843 4320 Ι
1890 4279 1987 4342 gr.

630 4372 801 4435 Item
847 4368 1012 4433 feria
1056 4367 1160 4431 III
1207 4367 1408 4448 (19s2)
1458 4367 1595 4428 dno
1643 4365 1823 4450 Regi
1874 4368 1960 4430 ad
2005 4366 2395 4449 prandium:
2444 4366 2602 4430 item
2650 4386 2773 4448 pro
2819 4366 3109 4448 piscibus
3156 4367 3539 4430 recentibus
3584 4368 3617 4431 I

417 4502 579 4545 mar.
627 4479 764 4542 VII
809 4477 996 4550 scoti,
1040 4477 1200 4539 item
1251 4495 1373 4557 pro
1419 4475 1570 4536 oleo
1617 4473 1682 4533 V
1730 4473 1917 4547 scoti,
1963 4473 2121 4537 item
2171 4473 2449 4537 ceruisie
2495 4472 2561 4534 V
2611 4473 2901 4537 octualia
2947 4472 3231 4556 propria.

629 4587 800 4650 Item
848 4587 982 4649 dne
1029 4583 1302 4666 Regine
1348 4583 1436 4644 ad
1480 4581 1871 4662 prandium:
1917 4579 2074 4643 item
2115 4601 2237 4662 pro
2274 4581 2567 4668 piscibus
2596 4579 2975 4644 recentibus
3004 4581 3036 4642 Ι
3066 4601 3227 4645 mar.
3258 4581 3394 4644 VII
3432 4582 3616 4656 scoti,

413 4695 574 4759 item
623 4714 746 4776 pro
793 4694 945 4756 oleo
991 4690 1092 4753 IV
1140 4687 1326 4762 scoti,
1371 4689 1532 4751 item
1581 4687 1856 4751 ceruisie
1903 4686 2007 4750 III
2055 4689 2344 4750 octualia
2390 4687 2673 4770 propria.

629 4801 802 4864 Item
848 4798 1002 4862 duci
1050 4796 1364 4860 Bolconi:
1412 4795 1571 4859 item
1620 4814 1742 4877 pro
1789 4793 2084 4877 piscibus
2130 4795 2513 4858 recentibus
2560 4794 2662 4856 VI
2708 4795 2896 4868 scoti,
2960 4795 3120 4858 item
3190 4815 3313 4876 pro
3376 4796 3526 4857 oleo
3583 4795 3614 4857 Ι

412 4919 578 4973 scot.
623 4908 783 4971 item
831 4925 955 4988 pro
1002 4905 1033 4967 Ι
1082 4903 1326 4966 octuali
1373 4902 1650 4965 ceruisie
1697 4900 1799 4964 VI
1845 4902 2031 4964 scoti.

630 5015 798 5077 Item
847 5013 1004 5076 duci
1047 5009 1455 5076 Semisconi:
1520 5010 1680 5072 item
1729 5028 1851 5091 pro
1897 5009 2190 5092 piscibus
2235 5010 2614 5073 recentibus
2662 5008 2763 5072 IV
2810 5009 2993 5083 scoti,
3058 5008 3219 5072 item
3285 5029 3407 5090 pro
3462 5010 3614 5071 oleo

411 5124 444 5186 I
491 5133 654 5186 scot.
697 5122 863 5184 item
910 5139 1034 5202 pro
1081 5119 1112 5181 I
1160 5116 1407 5181 octuali
1455 5116 1734 5180 ceruisie
1781 5115 1882 5179 VI
1929 5117 2116 5179 scoti.

630 5229 801 5292 Item
849 5226 1224 5309 hospitibus
1269 5225 1354 5287 de
1403 5224 1763 5288 Bohemia:
1831 5224 1990 5286 item
2056 5245 2179 5306 pro
2245 5225 2539 5306 piscibus
2592 5223 2973 5286 recentibus
3016 5222 3155 5286 VII
3202 5223 3388 5298 scoti,
3452 5223 3609 5286 item

413 5359 538 5422 pro
586 5338 738 5400 oleo
784 5335 817 5398 I
863 5345 1027 5398 scot.
1091 5332 1252 5395 item
1316 5351 1438 5414 pro
1504 5331 1536 5394 I
1593 5332 1838 5394 octuali
1902 5331 2180 5394 ceruisie
2227 5331 2330 5393 VI
2393 5331 2578 5402 scoti,
2644 5332 2801 5393 item
2868 5330 3118 5393 eisdem
3183 5331 3249 5392 in
3314 5330 3613 5412 hospicio

413 5443 666 5507 XVIII
709 5443 893 5506 scoti.

631 5551 802 5614 Item
849 5550 986 5612 dno
1034 5548 1114 5611 N.
1163 5547 1740 5611 vicecancellario:
1789 5547 1948 5609 item
1995 5567 2118 5628 pro
2164 5545 2461 5628 piscibus
2503 5545 2885 5609 recentibus
2921 5545 3022 5608 IV
3059 5545 3246 5620 scoti,
3292 5545 3451 5608 item
3490 5564 3612 5626 pro

411 5661 567 5723 oleo
613 5657 682 5720 II
727 5656 912 5731 scoti,
960 5656 1120 5719 item
1167 5673 1290 5737 pro
1338 5654 1371 5716 I
1417 5653 1662 5717 octuali
1709 5653 1987 5716 ceruisie
2035 5653 2134 5716 VI
2180 5653 2366 5716 scoti.
