4592 6559
2482 1923 2702 2005 VIII.

1261 2118 1934 2244 REJESTRA
2009 2119 2495 2245 STACYJ
2575 2097 3012 2249 KROLA
3091 2122 3130 2244 1
3206 2098 3925 2248 KROLOWEJ

1659 2379 2077 2490 ORAZ
2143 2380 2733 2492 DWORU
2802 2359 3539 2492 ONYCHZE.

2329 2607 2674 2630 ——q—oo-Q—oo
2682 2611 2857 2628 μὴ

2407 2820 2785 2917 (1403).

989 2983 1219 3061 Istud
1251 2991 1382 3061 est
1411 2987 1884 3084 registrum,
1927 2987 2014 3059 in
2047 3005 2210 3082 quo
2249 2983 2605 3060 habetur
2642 2985 2905 3061 stacio
2947 2985 3088 3061 dni
3126 2983 3381 3086 Regis
3423 3006 3611 3062 cum
3650 2985 3812 3060 dna
3848 2982 4191 3085 Regina,

1078 3127 1352 3209 quando
1401 3137 1732 3190 venerunt
1769 3127 2052 3189 sabbato
2091 3125 2156 3189 in
2196 3125 2427 3210 vigilia
2464 3126 2679 3190 sancti
2718 3125 2988 3190 Martini
3028 3127 3273 3210 (10s11)
3314 3130 3397 3191 ad
3439 3127 3705 3192 Nouam
3746 3127 4103 3199 ciuitatem,

1610 3233 1736 3297 sub
1784 3252 1960 3296 anno
2009 3232 2391 3296 Nativitatis
2440 3234 2739 3297 eiusdem
2790 3235 3063 3298 Domini
3110 3233 3566 3300 MCCCC1110.

1200 3396 1372 3460 Item
1421 3397 1509 3458 ad
1556 3395 1907 3478 prandium
1956 3395 2094 3458 dno
2141 3395 2361 3478 Regi:
2427 3396 2587 3458 item
2656 3416 2777 3478 pro
2838 3395 3133 3478 piscibus
3195 3395 3577 3460 recentibus
3646 3416 3800 3459 cum
3849 3396 3994 3460 aliis
4041 3416 4191 3478 pro-

986 3504 1145 3586 priis
1191 3503 1406 3566 XVII
1453 3503 1636 3576 scoti,
1684 3503 1844 3565 item
1894 3501 1995 3564 VI
2043 3511 2244 3566 centa
2288 3523 2595 3568 oworum
2645 3503 3083 3586 propriorum,
3130 3504 3290 3567 item
3337 3524 3461 3586 pro
3507 3504 3609 3567 IV
3648 3504 3798 3567 ollis
3843 3503 4045 3567 butiri
4089 3503 4189 3567 VI

986 3611 1171 3687 scoti,
1219 3610 1378 3674 item
1425 3627 1549 3694 pro
1596 3610 1662 3673 II
1711 3610 2075 3694 sexagenis
2123 3631 2473 3675 caseorum
2512 3611 2659 3674 XII
2695 3612 2881 3683 scoti,
2926 3611 3084 3674 item
3125 3631 3246 3693 pro
3283 3613 3459 3676 lacte
3496 3621 3565 3676 et
3602 3631 3829 3676 crema
3864 3611 3967 3674 III
4004 3611 4190 3685 scoti,

984 3718 1146 3781 item
1192 3738 1318 3800 pro
1365 3718 1431 3779 V
1469 3717 1846 3782 octualibus
1892 3717 2188 3792 ceruisie,
2254 3719 2603 3801 quodlibet
2650 3719 2915 3783 octuale
2980 3739 3100 3802 per
3145 3717 3247 3781 VI
3292 3729 3455 3783 scot.
3504 3719 3535 3784 I
3583 3739 3811 3784 marca
3856 3718 3958 3781 VI
4005 3718 4189 3783 scoti.

1198 3827 1371 3889 Item
1420 3828 1555 3888 dne
1603 3825 1879 3909 Regine
1926 3825 2012 3888 ad
2061 3825 2455 3908 prandium:
2503 3826 2663 3889 item
2710 3847 2833 3909 pro
2879 3826 3173 3909 piscibus
3217 3827 3600 3892 recentibus
3647 3847 3801 3892 cum
3850 3826 3994 3891 aliis
4036 3846 4188 3910 pro-

986 3933 1144 4016 priis
1191 3932 1370 3997 XIII
1387 3933 1448 4013 ¹l2
1506 3953 1596 3996 se.
1661 3932 1818 3995 item
1868 3931 1970 3994 IV
2017 3941 2215 3996 centa
2280 3953 2585 3997 oworum
2652 3934 3090 4016 propriorum,
3153 3934 3313 3998 item
3360 3955 3485 4016 pro
3531 3934 3634 3997 III
3682 3933 3833 3998 ollis
3874 3932 4077 3997 butiri
4120 3932 4187 3995 V

985 4041 1170 4115 scoti,
1218 4041 1378 4104 item
1419 4060 1768 4104 caseorum
1809 4040 1841 4102 Ι
1880 4060 2116 4124 sexag.
2155 4041 2441 4124 propria,
2485 4041 2645 4104 item
2683 4061 2807 4124 pro
2844 4041 2947 4104 III
2986 4041 3364 4106 octualibus
3401 4041 3681 4106 ceruisie
3717 4040 3967 4105 XVIII
4005 4041 4187 4104 scoti.

1198 4149 1372 4212 Item
1419 4148 1574 4211 duci
1620 4147 2029 4211 Semisconi:
2097 4147 2254 4211 item
2321 4169 2443 4231 pro
2506 4148 2799 4231 piscibus
2864 4149 3242 4212 recentibus
3289 4148 3391 4212 VI
3438 4148 3625 4224 scoti,
3671 4149 3831 4212 item
3878 4149 3948 4213 II
3993 4157 4187 4212 centa

986 4276 1288 4320 oworum
1337 4256 1440 4319 III
1487 4255 1670 4329 scoti,
1719 4255 1876 4318 item
1926 4276 2047 4338 pro
2095 4255 2326 4318 XXX
2370 4255 2583 4319 caseis
2622 4256 2724 4366 III
2762 4257 2949 4331 scoti,
2994 4255 3153 4319 item
3202 4276 3325 4338 pro
3372 4257 3595 4320 butIro
3643 4255 3745 4318 IV
3794 4256 3981 4330 scoti,
4024 4256 4184 4319 item

983 4385 1106 4448 pro
1154 4364 1185 4426 I
1233 4363 1480 4428 octuali
1528 4363 1806 4426 ceruisie
1859 4362 1960 4425 VI
2007 4363 2192 4426 scoti.

1198 4472 1370 4534 Item
1419 4470 1852 4535 marsalconi:
1901 4470 2058 4534 item
2108 4492 2229 4552 pro
2274 4471 2572 4553 piscibus
2617 4472 3000 4536 recentibus
3038 4472 3137 4535 IV
3176 4473 3363 4554 scoti,
3408 4473 3567 4537 item
3616 4474 3649 4536 I
3695 4482 3969 4537 centum
4005 4492 4187 4536 owo-

982 4602 1130 4645 rum
1179 4580 1282 4644 ΙΙΙ
1329 4600 1430 4664 gr.
1475 4579 1634 4642 item
1683 4599 1807 4661 pro
1844 4579 1994 4640 XX
2038 4578 2249 4642 caseis
2293 4578 2397 4640 III
2444 4599 2546 4663 gr.
2593 4578 2751 4642 item
2790 4600 2913 4662 pro
2950 4581 3169 4644 butiro
3207 4581 3309 4644 IV
3338 4601 3439 4666 gr.
3485 4580 3643 4644 item
3690 4601 3817 4664 pro
3864 4579 3897 4643 I
3943 4580 4184 4643 octuali

983 4689 1263 4753 ceruisie
1301 4687 1402 4750 VI
1439 4686 1624 4751 scoti.

1196 4797 1367 4860 Item
1408 4795 1545 4859 dno
1581 4794 1665 4858 N.
1703 4794 2133 4858 cancellario:
2182 4794 2340 4857 item
2381 4815 2503 4876 pro
2549 4795 2844 4877 piscibus
2882 4797 3259 4860 recentibus
3292 4796 3392 4859 VI
3425 4815 3524 4881 gr.
3561 4797 3720 4859 item
3760 4815 3885 4878 pro
3914 4806 4183 4860 centum

983 4925 1287 4970 oworum
1334 4904 1437 4967 III
1486 4924 1586 4985 gr.
1631 4901 1791 4966 item
1840 4921 1962 4985 pro
2009 4902 2154 4965 XII
2201 4901 2415 4965 caseis
2461 4902 2607 4982 11¹s2
2666 4924 2767 4987 gr.
2816 4902 2973 4966 item
3023 4924 3147 4985 pro
3194 4904 3227 4966 I
3265 4904 3511 4967 octuali
3549 4902 3827 4966 ceruisie
3864 4903 3967 4964 VI
4004 4904 4184 4966 scoti.

1197 5012 1370 5075 Item
1434 5010 1773 5075 Ruthenis
1837 5030 2039 5092 super
2103 5009 2344 5072 diaria:
2411 5010 2571 5072 item
2638 5031 2760 5092 pro
2825 5031 3070 5092 pecore
3136 5011 3383 5073 XVIII
3432 5010 3617 5086 scoti,
3674 5011 3834 5073 item
3881 5030 4007 5092 pro
4054 5010 4187 5073 XL

981 5120 1198 5205 pullis,
1263 5120 1540 5203 quilibet
1603 5120 1826 5201 pullus
1871 5137 1995 5199 per
2051 5116 2113 5196 ¹l2
2173 5137 2272 5200 gr.
2322 5117 2395 5180 X
2444 5117 2631 5192 scoti,
2699 5119 2859 5181 item
2928 5139 3049 5200 pro
3115 5119 3181 5180 II
3247 5118 3565 5182 arietibus
3610 5117 3748 5181 VII
3796 5117 3982 5192 scoti,
4027 5117 4186 5180 item

981 5249 1104 5312 pro
1153 5228 1219 5291 II
1268 5227 1644 5291 octualibus
1691 5225 1970 5290 ceruisie
2019 5225 2162 5288 XII
2211 5226 2398 5288 scoti.

1195 5335 1365 5398 Item
1431 5333 1832 5396 falconistis:
1899 5332 2058 5395 item
2126 5353 2248 5414 pro
2314 5331 2618 5414 quartale
2688 5331 2986 5395 carnium
3034 5333 3207 5397 VIII
3256 5355 3354 5417 gr.
3411 5333 3573 5398 item
3638 5353 3762 5416 pro
3810 5333 3945 5396 XL
3988 5333 4186 5416 pullis

983 5463 1184 5524 super
1229 5442 1543 5515 falconeS,
1609 5441 1889 5524 quilibet
1933 5459 2056 5522 per
2115 5439 2175 5520 ¹1³2
2235 5459 2338 5524 gr.
2386 5439 2459 5500 X
2506 5440 2691 5514 scoti,
2757 5440 2915 5503 item
2963 5461 3086 5523 pro
3132 5441 3165 5503 I
3212 5441 3459 5504 octuali
3524 5440 3804 5504 ceruisie
3849 5440 3953 5504 VI
3998 5441 4183 5514 scoti,

984 5551 1144 5613 item
1192 5569 1316 5631 pro
1362 5548 1568 5611 ariete
1614 5547 1906 5630 lepardis
1950 5546 2088 5610 VII
2136 5567 2238 5630 gr.

1195 5657 1366 5722 Item
1415 5657 1501 5720 ad
1549 5675 1784 5719 cenam
1834 5654 1972 5718 dno
2019 5653 2243 5740 Regi:
2291 5653 2451 5717 item
2500 5675 2622 5740 pro
2668 5654 2962 5740 piscibus
3008 5656 3391 5722 recentibus
3426 5655 3600 5721 VIII
3638 5656 3809 5722 scoti
3854 5675 4010 5722 cum
4048 5655 4189 5721 aliis
