4592 6559
1033 498 1411 565 REJESTRA
1459 496 1976 563 PonRzEc‘rwA
2021 488 2683 551 Konczvnsxmeo
2740 508 2763 550 1
2778 507 2923 569 390.
3488 512 3511 553 1
3525 508 3605 570 45

621 700 679 763 F
681 720 847 763 ena
841 699 931 761 V
978 700 1086 763 die
1131 720 1182 763 s.
1227 698 1512 765 Gotardi
1551 699 1718 783 (5]5)
1781 702 1917 763 dna
1983 700 2264 784 Regina
2306 702 2397 763 de
2455 700 2737 764 Tamow
2798 701 2866 763 in
2930 701 3201 765 Nouam
3269 702 3611 768 ciuitatem

409 807 497 869 ad
542 826 778 870 cenam
825 825 980 872 cum
1025 826 1150 871 sua
1193 807 1378 870 curia
1449 807 1668 882 venit;
1732 807 1950 889 primo
1995 808 2028 871 Ι
2073 826 2323 890 peccus
2386 785 2599 891 prius·
2634 817 2953 891 emptum,
3000 809 3243 873 iterum
3292 810 3359 873 ΙΙ
3404 832 3613 895 perne

409 914 576 977 lardi
620 915 804 997 prius
849 925 1094 996 emme,
1138 915 1380 979 iterum
1427 914 1658 978 XXX
1703 914 1868 997 pulli
1914 915 2168 998 antiqui
2212 916 2479 998 proprii,
2524 916 2763 979 iterum
2802 916 2879 979 X
2915 916 3133 998 pulli
3116 938 3394 982 iuuenes
3429 919 3613 1002 prius

409 1022 634 1104 empti,
678 1022 922 1087 iterum
969 1020 1072 1085 IV
1119 1022 1344 1106 sugilli
1389 1021 1602 1085 eciam
1648 1022 1913 1105 proprii,
1959 1024 2180 1110 pisum
2245 1034 2314 1087 et
2358 1024 2490 1087 alia
2532 1024 2817 1107 propria,
2874 1025 3115 1089 iterum
3164 1024 3218 1089 C
3264 1046 3415 1091 owa
3458 1048 3611 1111 pro·

408 1130 550 1211 pria
596 1139 664 1191 et
708 1128 880 1192 VIII
928 1130 1106 1193 casei
1160 1130 1427 1211 proprii,
1485 1130 1730 1195 iterum
1775 1130 1845 1193 II
1890 1131 2024 1195 olle
2086 1130 2290 1194 butiri
2353 1131 2536 1213 prius
2598 1141 2845 1213 empte,
2907 1132 3069 1195 item
3135 1154 3259 1214 pro
3322 1136 3498 1199 lacte
3542 1145 3613 1199 et

409 1256 636 1299 crema
681 1235 748 1297 V
795 1258 894 1321 gr.
941 1236 1042 1299 IV
1091 1238 1242 1301 den.
1287 1237 1527 1301 iterum
1583 1256 1750 1320 cepe
1795 1238 1980 1321 prius
2026 1248 2328 1321 emptum
2378 1248 2447 1301 et
2492 1239 2709 1320 pisum
2757 1258 3018 1320 purum,
3066 1240 3279 1303 eciam
3328 1260 3450 1322 pro
3495 1263 3611 1325 pe-

409 1344 730 1407 trozelino
787 1344 852 1425 ¹l2
911 1363 1012 1429 gr.
1058 1362 1182 1427 pro
1225 1344 1525 1409 caulibes
1569 1346 1776 1409 acidis
1823 1346 1857 1409 I
1905 1366 2004 1431 gr.
2051 1345 2292 1410 iterum
2359 1348 2493 1409 dne
2538 1346 2815 1431 Regine
2860 1348 3235 1411 salmonem
3284 1348 3440 1413 dedi
3486 1350 3609 1413 sic-

409 1469 562 1514 cum
611 1461 680 1515 et
723 1452 906 1533 prius
952 1462 1272 1534 emptum,
1337 1453 1497 1535 quia
1539 1454 1678 1516 dna
1723 1454 2004 1539 Regina
2067 1472 2303 1517 carnes
2348 1474 2483 1516 non
2533 1453 2857 1529 comedit;
2924 1454 3097 1517 vitra
3140 1465 3208 1517 et
3254 1457 3387 1519 olle
3434 1458 3615 1539 prius

411 1568 654 1640 empta,
697 1576 822 1640 pro
867 1558 1162 1641 piscibus
1205 1560 1588 1625 recentibus
1631 1558 1772 1625 VII
1785 1562 1850 1643 ΙΙ,
1905 1580 1996 1625 sc.
2059 1580 2183 1643 pro
2229 1562 2472 1625 boletis
2516 1572 2584 1624 et
2626 1562 2967 1625 holeribus
3010 1562 3207 1625 dictis
3244 1582 3376 1647 ger
3418 1564 3598 1645 III¹l2

411 1684 510 1751 gr.
555 1665 796 1729 iterum
843 1666 946 1729 111
985 1668 1276 1731 octualia
1319 1668 1598 1731 ceruisie
1642 1668 1912 1751 proprie
1958 1689 2083 1752 pro
2130 1671 2265 1733 dna
2314 1669 2591 1755 Regina
2638 1678 2708 1731 et
2754 1670 2843 1731 ad
2888 1669 3233 1733 cellarium
3281 1671 3442 1747 eius,
3492 1672 3611 1736 ite-

409 1790 556 1837 rum
604 1774 638 1836 I
681 1794 918 1858 sexag.
966 1774 1160 1857 panis
1203 1775 1341 1838 albi
1387 1785 1456 1838 et
1501 1776 1637 1839 XL
1679 1796 1892 1859 panes
1937 1776 2219 1861 siliginis
2263 1797 2388 1861 pro
2435 1776 2730 1839 tailariiS.

625 1880 744 1944 Ad
789 1882 1300 1947 distribuciones
1353 1902 1684 1966 equorum
1733 1885 1866 1946 dne
1913 1884 2190 1969 Regiae
2254 1894 2327 1948 et
2386 1884 2764 1967 hospitibus
2825 1884 2987 1959 eiuS,
3052 1884 3169 1969 qui
3212 1893 3374 1948 tunc
3422 1887 3615 1949 multi

412 1998 618 2063 erant,
665 1989 784 2071 qui
829 2000 1288 2053 conuenerant
1332 2001 1610 2075 propter
1678 1990 1994 2075 Kymitte
2039 2001 2111 2055 et
2153 1992 2680 2055 Thomaszconis
2742 1993 3063 2066 duellum,
3128 1992 3360 2055 XXX
3406 2012 3613 2058 mens,

410 2116 626 2159 auene
689 2096 874 2179 prius
939 2106 1182 2180 empte,
1246 2096 1491 2162 iterum
1556 2097 1590 2160 Ι
1636 2119 1872 2183 sexag.
1936 2098 2266 2163 luminum
2330 2100 2753 2182 propriorum
2820 2108 2889 2161 et
2934 2100 2967 2161 I
3012 2110 3256 2182 quarta
3300 2101 3446 2184 sepi
3490 2122 3617 2184 pro

409 2204 668 2287 lampis,
713 2222 838 2287 pro
885 2204 953 2266 II
997 2204 1192 2268 dietis
1237 2206 1525 2289 propria.

622 2312 743 2375 Ad
806 2310 1321 2376 distribuciones
1385 2313 1788 2377 curiensium
1853 2316 1990 2378 dne
2055 2313 2369 2398 Regine:
2433 2313 2649 2397 primo
2696 2314 2730 2377 I
2774 2334 2983 2397 pecus
3046 2315 3227 2397 prius
3290 2324 3617 2399 emptum,

409 2418 652 2483 iterum
699 2419 768 2482 II
813 2438 1022 2504 perne
1085 2420 1255 2483 lardi
1319 2421 1504 2503 prius
1567 2430 1812 2505 empte,
1875 2422 2114 2485 iterum
2163 2422 2395 2485 XXX
2457 2422 2625 2504 pulli
2688 2422 2872 2505 prius
2916 2423 3143 2504 empti,
3190 2422 3430 2486 iterum
3478 2423 3616 2487 VII

411 2546 644 2611 sexag.
688 2528 882 2609 panis
927 2527 1210 2611 siliginis
1255 2528 1506 2611 proprii
1551 2541 1619 2592 et
1665 2528 1923 2591 XXIV
1985 2548 2198 2612 panes
2243 2530 2437 2592 albos
2484 2529 2640 2592 dedi
2684 2538 2903 2597 totum
2950 2528 3256 2593 Oczkoni
3302 2530 3615 2594 distribu-

409 2634 572 2709 tori;
619 2634 861 2698 iterum
927 2637 1066 2697 dno
1133 2635 1436 2699 Zaklicze
1500 2636 1898 2700 cancellario
1963 2636 2184 2720 Regis
2249 2638 2336 2699 de
2402 2637 2725 2700 mandatu
2772 2638 2905 2699 dne
2952 2636 3262 2721 Regine:
3320 2638 3537 2719 primo
3583 2636 3618 2701 Ι

410 2758 620 2825 perna
663 2742 836 2806 lardi
879 2742 1063 2825 prius
1116 2753 1364 2827 empta,
1429 2743 1668 2806 iterum
1724 2742 1898 2806 VIII
1944 2743 2108 2826 pulli
2171 2744 2423 2826 proprii
2486 2753 2555 2807 et
2600 2744 2633 2807 Ι
2680 2744 2942 2807 octuale
3008 2745 3287 2808 ceruisie
3348 2745 3618 2829 proprie

411 2849 856 2925 braxacioniS,
903 2849 937 2912 I
979 2868 1336 2933 sexagena
1381 2850 1574 2933 panis
1619 2851 1886 2935 proprii.

625 2956 748 3020 Ad
801 2956 1313 3021 distribuciones
1379 2959 1746 3021 castellano
1811 2957 2242 3022 Cracouiensi
2309 2958 2519 3021 eciam
2585 2960 2673 3022 de
2738 2960 3060 3023 mandatu
3121 2960 3259 3023 dne
3306 2958 3615 3044 Regiae:

411 3064 628 3147 prImo
675 3065 708 3127 Ι
754 3085 965 3147 perna
1028 3064 1198 3129 lardi
1261 3066 1446 3149 prius
1507 3067 1734 3149 empti,
1797 3066 2040 3130 iterum
2087 3065 2191 3129 VI
2236 3066 2401 3149 pulli
2464 3066 2731 3149 proprii,
2796 3067 2829 3129 I
2876 3087 3110 3151 sexag.
3156 3068 3351 3151 panis
3394 3077 3465 3131 et
3508 3066 3611 3131 IV

413 3173 740 3235 zemellas,

626 3278 748 3342 Ad
793 3279 972 3343 diem
1021 3291 1234 3344 totam
1293 3282 1429 3345 dno
1493 3282 1908 3365 procuratori
1973 3290 2040 3345 et
2085 3281 2653 3363 viceprocuratori
2698 3300 2853 3344 cum
2900 3280 3150 3346 familia
3194 3282 3428 3345 castri:
3474 3302 3617 3346 car·

413 3403 533 3449 nes
579 3398 650 3450 et
694 3386 728 3449 I
773 3406 984 3470 perna
1029 3388 1198 3451 lardi
1241 3388 1427 3471 prius
1475 3398 1719 3473 empta,
1784 3390 2027 3453 iterum
2076 3389 2222 3452 XII
2289 3389 2457 3472 pulli
2500 3399 2572 3452 et
2618 3389 2752 3451 XL
2800 3408 2951 3453 owa
2998 3390 3281 3472 propria,
3328 3410 3451 3473 pro
3499 3392 3616 3452 bo-

415 3492 560 3557 letis
607 3492 786 3557 XIV
833 3496 987 3559 den.
1053 3516 1176 3578 pro
1230 3497 1405 3560 lacte
1471 3508 1538 3560 et
1585 3516 1812 3560 crema
1877 3497 1910 3560 I
1969 3516 2066 3582 gr.
2115 3507 2184 3559 et
2247 3494 2394 3560 XII
2438 3496 2591 3559 den.
2656 3497 2896 3561 iterum
2946 3496 2977 3558 Ι
3022 3498 3289 3559 octuale
3336 3496 3615 3561 ceruisie

416 3610 484 3663 et
527 3602 595 3663 Π
641 3622 877 3687 sexag.
927 3603 1116 3686 panis
1161 3603 1432 3687 propria
1478 3614 1546 3667 et
1590 3604 1692 3667 VI
1739 3604 1918 3667 casei
1975 3605 2185 3667 eciam
2250 3604 2519 3687 proprii,
2584 3624 2707 3687 pro
2772 3604 2962 3685 equis
3006 3604 3123 3666 dni
3168 3605 3619 3687 procuratoris
3692 3611 3702 3620 ”

415 3708 482 3771 ΙΙ
528 3729 736 3772 menS.
783 3730 1016 3786 auene,
1061 3711 1244 3793 prius
1292 3722 1518 3793 empte
1566 3721 1634 3775 et
1679 3712 1932 3775 lumina
1977 3712 2164 3795 prius
2207 3710 2405 3775 facta.

629 3815 912 3881 Summa
957 3816 1089 3881 diei
1133 3818 1315 3881 XIII
1363 3838 1452 3882 se.
1498 3819 1529 3881 I
1579 3840 1678 3903 gr.
1726 3839 1942 3882 auene
1989 3819 2290 3882 XXXII
2340 3838 2549 3882 menS.

629 3924 688 3987 F
689 3925 828 3988 eria
873 3924 977 3989 VI
1021 3925 1168 4009 ipso
1216 3926 1324 3989 die
1371 3947 1420 3989 S.
1461 3926 1788 4007 Johannis
1851 3937 2010 3989 ante
2075 3936 2340 4010 portam
2406 3926 2678 3988 latinam
2730 3925 2885 4009 (6l5)
2952 3927 3039 3989 ad
3082 3926 3439 4008 prandium
3486 3928 3620 3989 dne

415 4030 690 4117 Regine
737 4052 892 4096 curn
939 4033 1188 4097 familia
1257 4034 1434 4097 eius:
1501 4053 1624 4115 pro
1689 4034 1982 4116 piscibus
2047 4034 2429 4096 recentibus
2476 4032 2544 4095 II
2592 4052 2817 4096 marce
2864 4033 2897 4095 I
2944 4053 3033 4097 sc.
3089 4052 3213 4115 pro
3258 4032 3621 4117 lampredis

415 4138 558 4201 XV
605 4160 702 4223 gr.
751 4160 874 4223 pro
920 4141 1151 4205 XXX
1197 4140 1486 4224 vezankt'
1539 4160 1660 4223 per
1705 4140 1808 4203 VI
1856 4143 2007 4204 den.
2072 4162 2195 4222 pro
2242 4141 2501 4204 cancris
2547 4140 2615 4202 II
2662 4160 2751 4203 sc.
2800 4140 2945 4202 XII
2992 4142 3141 4203 den.
3208 4160 3330 4223 pro
3374 4142 3619 4205 boletis

424 4247 488 4327 ΙΙ,
547 4268 645 4331 gr.
693 4256 762 4311 et
807 4266 974 4329 cepe
1019 4249 1204 4331 prius
1251 4258 1574 4330 emptum,
1621 4268 1744 4331 pro
1789 4248 2200 4331 petrozelino
2259 4248 2323 4329 ἧς
2382 4268 2480 4331 gr.
2527 4267 2650 4329 pro
2698 4248 2857 4310 beta
2902 4246 2935 4309 Ι
2972 4268 3072 4331 gr.
3110 4267 3234 4330 pro
3280 4268 3619 4331 papauere

415 4354 448 4415 I
485 4374 572 4417 se.
609 4353 712 4415 IV
751 4356 900 4418 den.
939 4355 1099 4417 item
1145 4356 1178 4417 I
1225 4357 1599 4418 salmonem
1648 4356 1802 4418 dedi
1849 4356 1984 4418 dne
2030 4356 2305 4439 Regine
2350 4355 2603 4417 siccum
2652 4364 2719 4417 et
2756 4355 2940 4436 prius
2987 4364 3332 4436 emptum3
3378 4356 3619 4418 iterum

415 4460 631 4543 pisum
680 4462 861 4543 prius
909 4472 1212 4544 emptum
1261 4472 1330 4525 et
1375 4462 1650 4525 mileum
1696 4464 2059 4545 proprium,
2115 4464 2359 4526 iterum
2408 4461 2509 4524 IV
2556 4462 2846 4525 octualia
2892 4462 3171 4524 ceruisie
3218 4464 3484 4544 proprie
3532 4465 3619 4526 ad

416 4568 758 4631 cellarium
805 4569 940 4632 dne
987 4569 1283 4654 Regine‚
1330 4570 1575 4633 iterum
1623 4570 1656 4633 I
1702 4590 2054 4655 sexagena
2117 4570 2397 4633 zemelle
2445 4584 2513 4631 et
2558 4568 2693 4631 XL
2738 4588 2949 4651 panes
2994 4568 3285 4651 siliginei
3326 4590 3450 4652 pro
3496 4572 3619 4633 tal-

415 4675 592 4739 lariis
637 4676 925 4759 propria.

565 4805 570 4811 ·
627 4782 750 4846 Ad
789 4784 1305 4847 distribucio-nes
1349 4785 1754 4848 curiensium
1801 4786 1934 4847 dne
1981 4785 2293 4869 Regine:
2360 4783 2393 4846 Ι
2440 4785 2685 4846 chorus
2731 4783 2856 4865 pisi
2901 4782 3087 4865 prius
3130 4783 3337 4865 empti
3384 4793 3453 4845 et
3499 4784 3617 4845 mi-

416 4890 596 4953 leum
643 4891 984 4973 proprium
1031 4911 1156 4974 pro
1204 4892 1517 4955 omnibus
1561 4892 1825 4977 dijariis,
1881 4912 2003 4974 pro
2050 4892 2344 4973 piscibus
2410 4891 2735 4973 magistro
2802 4890 2983 4951 curie
3032 4888 3319 4952 Cristino
3368 4900 3437 4953 et
3481 4891 3618 4953 dno

418 4999 814 5061 cancellario
877 4998 1102 5083 Regis
1167 5000 1438 5061 nomine
1503 4998 1798 5062 Zaclicze
1862 4998 1972 5061 XI
2019 5019 2118 5082 gr.
2177 5008 2244 5061 et
2310 4998 2419 5060 alii
2482 4996 2746 5079 proprii,
2812 5005 2879 5057 et
2924 4996 2957 5057 I
3004 4997 3269 5058 octuale
3338 4997 3617 5060 ceruisie

417 5104 718 5187 proprie;
778 5105 1023 5168 iterum
1087 5108 1456 5169 castellano
1523 5105 1954 5169 Cracouiensi
2013 5116 2086 5168 et
2153 5105 2296 5168 aliis
2362 5104 2777 5167 curiensibus
2840 5124 2963 5184 pro
3010 5103 3260 5185 dyariis
3308 5104 3621 5167 omnibus

418 5212 636 5294 pisces
679 5212 864 5295 prius
911 5214 1119 5295 empti
1165 5224 1234 5276 et
1278 5213 1389 5276 alii
1449 5213 1699 5296 proprii
1745 5222 1904 5275 sunt
1951 5212 2124 5286 dati3
2189 5213 2431 5275 iterum
2482 5212 2589 5273 IX
2634 5230 2872 5293 sexag.
2918 5210 3111 5291 panis
3157 5210 3445 5295 siliginei
3492 5232 3616 5294 pro

420 5319 666 5401 dyariis
711 5319 1026 5382 omnibus
1070 5331 1228 5383 sunt
1271 5320 1412 5384 dati
1459 5330 1528 5384 et
1573 5320 1682 5401 I¹l2
1741 5340 1977 5403 sexag.
2023 5320 2216 5401 panis
2262 5320 2396 5381 albi
2444 5318 2707 5400 proprii,
2774 5318 3013 5380 iterum
3063 5318 3151 5379 ad
3198 5317 3616 5382 distribucio-

421 5446 540 5489 nes
585 5427 988 5491 curiensium
1055 5430 1187 5491 dne
1253 5428 1530 5512 Regine
1595 5438 1666 5491 et
1724 5427 1913 5510 equis
1957 5427 2128 5489 suis:
2177 5446 2302 5509 pro
2349 5425 2529 5488 XVI
2576 5446 2783 5489 mens
2832 5445 3049 5488 auene
3095 5425 3126 5487 Ι
3174 5446 3403 5489 marca
3448 5424 3620 5489 VIII

419 5553 510 5597 sc.
553 5535 928 5617 quamlibet
975 5556 1358 5599 mensuram
1405 5554 1528 5617 per
1573 5534 1640 5597 ΙΙ
1687 5555 1776 5598 se.
1822 5534 2242 5617 recipiend03
2311 5534 2538 5596 fenum
2587 5534 2947 5615 proprium,
3012 5533 3251 5595 iterum
3302 5533 3333 5595 I
3381 5554 3621 5617 sexag.

418 5640 746 5705 luminum
793 5642 1213 5725 propriorum
1259 5653 1332 5706 et
1376 5662 1618 5725 sepum
1665 5662 1789 5724 pro
1835 5643 2075 5725 lampis
2118 5642 2260 5705 heri
2307 5644 2559 5705 datum.

633 5780 923 5824 nonu-iente
949 5783 1086 5825 medii
1116 5783 1230 5825 uvi.
1258 5782 1308 5824 Τ.
1337 5781 1433 5823 XV.
3350 5779 3408 5827 ¹9
