<?xml version="1.0" encoding="UTF-8"?>
<!DOCTYPE html PUBLIC "-//W3C//DTD XHTML 1.0 Transitional//EN"
    "http://www.w3.org/TR/xhtml1/DTD/xhtml1-transitional.dtd">
<html xmlns="http://www.w3.org/1999/xhtml" xml:lang="en" lang="en">
 <head>
  <title>
</title>
<meta http-equiv="Content-Type" content="text/html;charset=utf-8" />
  <meta name='ocr-system' content='tesseract 3.04.00' />
  <meta name='ocr-capabilities' content='ocr_page ocr_carea ocr_par ocr_line ocrx_word'/>
</head>
<body>
  <div class='ocr_page' id='page_1' title='image "./rachunkidworukr00unkngoog_0573.png"; bbox 0 0 4592 6559; ppageno 0'>
   <div class='ocr_carea' id='block_1_1' title="bbox 953 410 3800 494">
    <p class='ocr_par' dir='ltr' id='par_1_1' title="bbox 953 410 3800 494">
     <span class='ocr_line' id='line_1_1' title="bbox 953 410 3800 494; baseline -0.002 -16"><span class='ocrx_word' id='word_1_1' title='bbox 953 415 1080 494; x_wconf 78' lang='lat'>548</span> <span class='ocrx_word' id='word_1_2' title='bbox 1297 410 1680 493; x_wconf 75' lang='lat' dir='ltr'>REJESTRA</span> <span class='ocrx_word' id='word_1_3' title='bbox 1722 411 2150 487; x_wconf 58' lang='lat' dir='ltr'>wmnosm</span> <span class='ocrx_word' id='word_1_4' title='bbox 2195 423 2853 484; x_wconf 57' lang='lat' dir='ltr'>WIELKORZADZCY</span> <span class='ocrx_word' id='word_1_5' title='bbox 2900 422 3561 474; x_wconf 70' lang='lat' dir='ltr'>KRAxowsmeO.</span> <span class='ocrx_word' id='word_1_6' title='bbox 3616 429 3800 490; x_wconf 87' lang='lat'>1420.</span> 
     </span>
    </p>
   </div>
   <div class='ocr_carea' id='block_1_2' title="bbox 946 605 4157 1887">
    <p class='ocr_par' dir='ltr' id='par_1_2' title="bbox 949 605 4153 818">
     <span class='ocr_line' id='line_1_2' title="bbox 949 605 4153 710; baseline -0.002 -19"><span class='ocrx_word' id='word_1_7' title='bbox 949 647 1112 692; x_wconf 87' lang='lat' dir='ltr'>mar.</span> <span class='ocrx_word' id='word_1_8' title='bbox 1155 627 1318 691; x_wconf 87' lang='lat' dir='ltr'>item</span> <span class='ocrx_word' id='word_1_9' title='bbox 1365 647 1488 710; x_wconf 90' lang='lat' dir='ltr'>pro</span> <span class='ocrx_word' id='word_1_10' title='bbox 1550 605 1848 690; x_wconf 84' lang='lat' dir='ltr'>semellis</span> <span class='ocrx_word' id='word_1_11' title='bbox 1916 636 2205 709; x_wconf 87' lang='lat' dir='ltr'>quatuor</span> <span class='ocrx_word' id='word_1_12' title='bbox 2267 646 2358 688; x_wconf 92' lang='lat' dir='ltr'>sc.</span> <span class='ocrx_word' id='word_1_13' title='bbox 2423 625 2582 688; x_wconf 91' lang='lat' dir='ltr'>item</span> <span class='ocrx_word' id='word_1_14' title='bbox 2650 644 2774 706; x_wconf 91' lang='lat' dir='ltr'>pro</span> <span class='ocrx_word' id='word_1_15' title='bbox 2822 623 3008 686; x_wconf 84' lang='lat' dir='ltr'>XIX</span> <span class='ocrx_word' id='word_1_16' title='bbox 3076 605 3451 688; x_wconf 82' lang='lat' dir='ltr'>octualibus</span> <span class='ocrx_word' id='word_1_17' title='bbox 3514 622 3793 687; x_wconf 86' lang='lat' dir='ltr'>ceruisie</span> <span class='ocrx_word' id='word_1_18' title='bbox 3839 623 3944 686; x_wconf 90' lang='lat' dir='ltr'>VI</span> <span class='ocrx_word' id='word_1_19' title='bbox 3991 644 4153 687; x_wconf 88' lang='lat' dir='ltr'>mar.</span> 
     </span>
     <span class='ocr_line' id='line_1_3' title="bbox 949 730 3321 818; baseline -0.003 -19"><span class='ocrx_word' id='word_1_20' title='bbox 949 743 1104 799; x_wconf 88' lang='lat' dir='ltr'>octo</span> <span class='ocrx_word' id='word_1_21' title='bbox 1149 744 1312 798; x_wconf 89' lang='lat' dir='ltr'>scot.</span> <span class='ocrx_word' id='word_1_22' title='bbox 1359 733 1726 801; x_wconf 82' lang='lat' dir='ltr'>falconistis</span> <span class='ocrx_word' id='word_1_23' title='bbox 1771 753 1896 815; x_wconf 88' lang='lat' dir='ltr'>pro</span> <span class='ocrx_word' id='word_1_24' title='bbox 1943 732 2159 816; x_wconf 89' lang='lat' dir='ltr'>pullis,</span> <span class='ocrx_word' id='word_1_25' title='bbox 2209 732 2558 818; x_wconf 78' lang='lat' dir='ltr'>columbiS,</span> <span class='ocrx_word' id='word_1_26' title='bbox 2604 730 2885 815; x_wconf 87' lang='lat' dir='ltr'>sugellis</span> <span class='ocrx_word' id='word_1_27' title='bbox 2932 730 3111 818; x_wconf 87' lang='lat' dir='ltr'>XIII</span> <span class='ocrx_word' id='word_1_28' title='bbox 3158 750 3260 816; x_wconf 81' lang='lat' dir='ltr'>gr.</span> <span class='ocrx_word' id='word_1_29' title='bbox 3314 813 3321 818; x_wconf 12' lang='grc' dir='ltr'><strong>ἡ</strong></span> 
     </span>
    </p>

    <p class='ocr_par' dir='ltr' id='par_1_3' title="bbox 1159 837 2831 905">
     <span class='ocr_line' id='line_1_4' title="bbox 1159 837 2831 905; baseline -0.002 -1"><span class='ocrx_word' id='word_1_30' title='bbox 1159 838 1442 905; x_wconf 88' lang='lat' dir='ltr'>Summa</span> <span class='ocrx_word' id='word_1_31' title='bbox 1485 841 1684 903; x_wconf 87' lang='lat' dir='ltr'>huius</span> <span class='ocrx_word' id='word_1_32' title='bbox 1730 838 1890 903; x_wconf 88' lang='lat' dir='ltr'>facit</span> <span class='ocrx_word' id='word_1_33' title='bbox 1937 840 2125 903; x_wconf 79' lang='lat' dir='ltr'>XXti</span> <span class='ocrx_word' id='word_1_34' title='bbox 2163 837 2349 903; x_wconf 81' lang='lat' dir='ltr'>mar.</span> <span class='ocrx_word' id='word_1_35' title='bbox 2398 838 2620 902; x_wconf 89' lang='lat' dir='ltr'>XXII</span> <span class='ocrx_word' id='word_1_36' title='bbox 2666 848 2831 902; x_wconf 91' lang='lat' dir='ltr'>scot.</span> 
     </span>
    </p>

    <p class='ocr_par' dir='ltr' id='par_1_4' title="bbox 946 944 4155 1547">
     <span class='ocr_line' id='line_1_5' title="bbox 1161 944 4151 1030; baseline -0 -19"><span class='ocrx_word' id='word_1_37' title='bbox 1161 947 1465 1011; x_wconf 89' lang='lat' dir='ltr'>Sabbato</span> <span class='ocrx_word' id='word_1_38' title='bbox 1511 957 1667 1010; x_wconf 88' lang='lat' dir='ltr'>ante</span> <span class='ocrx_word' id='word_1_39' title='bbox 1715 947 1959 1011; x_wconf 90' lang='lat' dir='ltr'>Letare</span> <span class='ocrx_word' id='word_1_40' title='bbox 2008 947 2211 1029; x_wconf 78' lang='lat' dir='ltr'><em>(10s3)</em></span> <span class='ocrx_word' id='word_1_41' title='bbox 2192 947 2509 1027; x_wconf 80' lang='lat' dir='ltr'>&gt;ibidem</span> <span class='ocrx_word' id='word_1_42' title='bbox 2557 945 2624 1009; x_wconf 91' lang='lat' dir='ltr'>in</span> <span class='ocrx_word' id='word_1_43' title='bbox 2672 944 3025 1024; x_wconf 75' lang='lat' dir='ltr'>Slommky</span> <span class='ocrx_word' id='word_1_44' title='bbox 3068 946 3345 1008; x_wconf 89' lang='lat' dir='ltr'>domino</span> <span class='ocrx_word' id='word_1_45' title='bbox 3388 947 3579 1030; x_wconf 87' lang='lat' dir='ltr'><strong>Regi</strong></span> <span class='ocrx_word' id='word_1_46' title='bbox 3624 947 3711 1010; x_wconf 91' lang='lat' dir='ltr'>ad</span> <span class='ocrx_word' id='word_1_47' title='bbox 3758 949 4151 1030; x_wconf 86' lang='lat' dir='ltr'>prandium:</span> 
     </span>
     <span class='ocr_line' id='line_1_6' title="bbox 947 1052 4152 1146; baseline 0 -28"><span class='ocrx_word' id='word_1_48' title='bbox 947 1055 1106 1118; x_wconf 89' lang='lat' dir='ltr'>item</span> <span class='ocrx_word' id='word_1_49' title='bbox 1156 1074 1280 1136; x_wconf 90' lang='lat' dir='ltr'>pro</span> <span class='ocrx_word' id='word_1_50' title='bbox 1327 1053 1622 1137; x_wconf 81' lang='lat' dir='ltr'>piscibus</span> <span class='ocrx_word' id='word_1_51' title='bbox 1666 1055 2052 1146; x_wconf 86' lang='lat' dir='ltr'>recentibus</span> <span class='ocrx_word' id='word_1_52' title='bbox 2101 1053 2200 1117; x_wconf 95' lang='lat' dir='ltr'>IV</span> <span class='ocrx_word' id='word_1_53' title='bbox 2216 1053 2279 1134; x_wconf 67' lang='lat' dir='ltr'>ll„</span> <span class='ocrx_word' id='word_1_54' title='bbox 2342 1074 2504 1117; x_wconf 86' lang='lat' dir='ltr'>mar.</span> <span class='ocrx_word' id='word_1_55' title='bbox 2568 1053 2728 1118; x_wconf 85' lang='lat' dir='ltr'>item</span> <span class='ocrx_word' id='word_1_56' title='bbox 2777 1052 2995 1135; x_wconf 82' lang='lat' dir='ltr'>pisces</span> <span class='ocrx_word' id='word_1_57' title='bbox 3041 1053 3215 1128; x_wconf 84' lang='lat' dir='ltr'>salsi,</span> <span class='ocrx_word' id='word_1_58' title='bbox 3264 1055 3476 1117; x_wconf 88' lang='lat' dir='ltr'>alleca</span> <span class='ocrx_word' id='word_1_59' title='bbox 3521 1054 3587 1116; x_wconf 91' lang='lat' dir='ltr'>in</span> <span class='ocrx_word' id='word_1_60' title='bbox 3634 1067 3918 1136; x_wconf 85' lang='lat' dir='ltr'>aparatu</span> <span class='ocrx_word' id='word_1_61' title='bbox 3966 1065 4152 1138; x_wconf 90' lang='lat' dir='ltr'>pate·</span> 
     </span>
     <span class='ocr_line' id='line_1_7' title="bbox 949 1159 4153 1248; baseline 0.001 -25"><span class='ocrx_word' id='word_1_62' title='bbox 949 1164 1136 1235; x_wconf 87' lang='lat' dir='ltr'>bunt,</span> <span class='ocrx_word' id='word_1_63' title='bbox 1182 1162 1341 1226; x_wconf 89' lang='lat' dir='ltr'>item</span> <span class='ocrx_word' id='word_1_64' title='bbox 1391 1181 1510 1244; x_wconf 88' lang='lat' dir='ltr'>pro</span> <span class='ocrx_word' id='word_1_65' title='bbox 1579 1159 2020 1232; x_wconf 80' lang='lat' dir='ltr'>crzz&#39;czmorka‚</span> <span class='ocrx_word' id='word_1_66' title='bbox 2077 1160 2451 1246; x_wconf 78' lang='lat' dir='ltr'>pastemak</span> <span class='ocrx_word' id='word_1_67' title='bbox 2513 1171 2803 1242; x_wconf 89' lang='lat' dir='ltr'>quatuor</span> <span class='ocrx_word' id='word_1_68' title='bbox 2846 1180 2937 1223; x_wconf 89' lang='lat' dir='ltr'>sc</span> <span class='ocrx_word' id='word_1_69' title='bbox 3000 1160 3161 1248; x_wconf 84' lang='lat' dir='ltr'>item</span> <span class='ocrx_word' id='word_1_70' title='bbox 3208 1181 3333 1242; x_wconf 91' lang='lat' dir='ltr'>pro</span> <span class='ocrx_word' id='word_1_71' title='bbox 3398 1181 3735 1243; x_wconf 87' lang='lat' dir='ltr'>papauere</span> <span class='ocrx_word' id='word_1_72' title='bbox 3782 1175 3852 1225; x_wconf 86' lang='lat' dir='ltr'>et</span> <span class='ocrx_word' id='word_1_73' title='bbox 3896 1163 4153 1226; x_wconf 88' lang='lat' dir='ltr'>semine</span> 
     </span>
     <span class='ocr_line' id='line_1_8' title="bbox 949 1268 4152 1352; baseline 0.001 -20"><span class='ocrx_word' id='word_1_74' title='bbox 949 1269 1185 1352; x_wconf 90' lang='lat' dir='ltr'>canapi</span> <span class='ocrx_word' id='word_1_75' title='bbox 1235 1268 1379 1331; x_wconf 88' lang='lat' dir='ltr'>XII</span> <span class='ocrx_word' id='word_1_76' title='bbox 1426 1289 1528 1352; x_wconf 87' lang='lat' dir='ltr'>gr.</span> <span class='ocrx_word' id='word_1_77' title='bbox 1593 1269 1753 1331; x_wconf 88' lang='lat' dir='ltr'>item</span> <span class='ocrx_word' id='word_1_78' title='bbox 1802 1289 1924 1350; x_wconf 87' lang='lat' dir='ltr'>pro</span> <span class='ocrx_word' id='word_1_79' title='bbox 1972 1280 2282 1342; x_wconf 83' lang='lat' dir='ltr'>anenata,</span> <span class='ocrx_word' id='word_1_80' title='bbox 2346 1268 2665 1332; x_wconf 82' lang='lat' dir='ltr'>lenticula</span> <span class='ocrx_word' id='word_1_81' title='bbox 2728 1276 3017 1350; x_wconf 89' lang='lat' dir='ltr'>quatuor</span> <span class='ocrx_word' id='word_1_82' title='bbox 3060 1288 3149 1330; x_wconf 91' lang='grc'>50.</span> <span class='ocrx_word' id='word_1_83' title='bbox 3214 1268 3374 1331; x_wconf 89' lang='lat' dir='ltr'>item</span> <span class='ocrx_word' id='word_1_84' title='bbox 3438 1289 3562 1350; x_wconf 91' lang='lat' dir='ltr'>pro</span> <span class='ocrx_word' id='word_1_85' title='bbox 3627 1269 3902 1332; x_wconf 89' lang='lat' dir='ltr'>simellis</span> <span class='ocrx_word' id='word_1_86' title='bbox 3948 1269 4016 1330; x_wconf 93' lang='lat' dir='ltr'>V</span> <span class='ocrx_word' id='word_1_87' title='bbox 4062 1293 4152 1334; x_wconf 86' lang='lat' dir='ltr'>sc.</span> 
     </span>
     <span class='ocr_line' id='line_1_9' title="bbox 946 1349 4155 1459; baseline 0 -20"><span class='ocrx_word' id='word_1_88' title='bbox 946 1377 1107 1441; x_wconf 87' lang='lat' dir='ltr'>item</span> <span class='ocrx_word' id='word_1_89' title='bbox 1154 1396 1278 1459; x_wconf 86' lang='lat' dir='ltr'>pro</span> <span class='ocrx_word' id='word_1_90' title='bbox 1325 1377 1489 1458; x_wconf 90' lang='lat' dir='ltr'>pis0‚</span> <span class='ocrx_word' id='word_1_91' title='bbox 1537 1375 1736 1450; x_wconf 87' lang='lat' dir='ltr'>milio,</span> <span class='ocrx_word' id='word_1_92' title='bbox 1783 1375 1940 1458; x_wconf 90' lang='lat' dir='ltr'>quia</span> <span class='ocrx_word' id='word_1_93' title='bbox 1987 1373 2256 1458; x_wconf 81' lang='lat' dir='ltr'>propria</span> <span class='ocrx_word' id='word_1_94' title='bbox 2304 1395 2439 1438; x_wconf 91' lang='lat' dir='ltr'>non</span> <span class='ocrx_word' id='word_1_95' title='bbox 2485 1373 2914 1448; x_wconf 88' lang='lat' dir='ltr'>suffecerunt,</span> <span class='ocrx_word' id='word_1_96' title='bbox 2964 1349 3097 1437; x_wconf 89' lang='lat' dir='ltr'>VII</span> <span class='ocrx_word' id='word_1_97' title='bbox 3144 1396 3234 1438; x_wconf 91' lang='grc'>50.</span> <span class='ocrx_word' id='word_1_98' title='bbox 3300 1375 3457 1438; x_wconf 91' lang='lat' dir='ltr'>item</span> <span class='ocrx_word' id='word_1_99' title='bbox 3524 1386 3817 1458; x_wconf 86' lang='lat' dir='ltr'>quatuor</span> <span class='ocrx_word' id='word_1_100' title='bbox 3861 1377 4155 1440; x_wconf 87' lang='lat' dir='ltr'>octualia</span> 
     </span>
     <span class='ocr_line' id='line_1_10' title="bbox 953 1475 3359 1547; baseline -0 0"><span class='ocrx_word' id='word_1_101' title='bbox 953 1483 1236 1547; x_wconf 88' lang='lat' dir='ltr'>ceruisie</span> <span class='ocrx_word' id='word_1_102' title='bbox 1284 1484 1315 1546; x_wconf 96' lang='lat' dir='ltr'>I</span> <span class='ocrx_word' id='word_1_103' title='bbox 1364 1503 1526 1546; x_wconf 89' lang='lat' dir='ltr'>mar.</span> <span class='ocrx_word' id='word_1_104' title='bbox 1572 1492 1728 1546; x_wconf 90' lang='lat' dir='ltr'>octo</span> <span class='ocrx_word' id='word_1_105' title='bbox 1771 1503 1862 1546; x_wconf 91' lang='grc'>50.</span> <span class='ocrx_word' id='word_1_106' title='bbox 3348 1475 3359 1480; x_wconf 70' lang='grc'><strong>’</strong></span> 
     </span>
    </p>

    <p class='ocr_par' dir='ltr' id='par_1_5' title="bbox 952 1589 4157 1887">
     <span class='ocr_line' id='line_1_11' title="bbox 1165 1589 4141 1678; baseline 0.001 -26"><span class='ocrx_word' id='word_1_107' title='bbox 1165 1591 1458 1654; x_wconf 88' lang='lat' dir='ltr'>Domine</span> <span class='ocrx_word' id='word_1_108' title='bbox 1507 1590 1782 1674; x_wconf 88' lang='lat' dir='ltr'>Regine</span> <span class='ocrx_word' id='word_1_109' title='bbox 1830 1603 1898 1652; x_wconf 90' lang='lat' dir='ltr'>et</span> <span class='ocrx_word' id='word_1_110' title='bbox 1946 1589 2182 1652; x_wconf 88' lang='lat' dir='ltr'>queni</span> <span class='ocrx_word' id='word_1_111' title='bbox 2239 1590 2325 1652; x_wconf 91' lang='lat' dir='ltr'>ad</span> <span class='ocrx_word' id='word_1_112' title='bbox 2372 1589 2763 1678; x_wconf 84' lang='lat' dir='ltr'>prandium:</span> <span class='ocrx_word' id='word_1_113' title='bbox 2830 1589 2990 1652; x_wconf 89' lang='lat' dir='ltr'>item</span> <span class='ocrx_word' id='word_1_114' title='bbox 3039 1610 3162 1671; x_wconf 91' lang='lat' dir='ltr'>pro</span> <span class='ocrx_word' id='word_1_115' title='bbox 3210 1589 3503 1671; x_wconf 88' lang='lat' dir='ltr'>piscibus</span> <span class='ocrx_word' id='word_1_116' title='bbox 3566 1592 3952 1655; x_wconf 85' lang='lat' dir='ltr'>recentibus</span> <span class='ocrx_word' id='word_1_117' title='bbox 3996 1592 4064 1655; x_wconf 94' lang='lat' dir='ltr'>II</span> <span class='ocrx_word' id='word_1_118' title='bbox 4079 1593 4141 1672; x_wconf 67' lang='lat' dir='ltr'>¹l2</span> 
     </span>
     <span class='ocr_line' id='line_1_12' title="bbox 954 1681 4157 1791; baseline -0 -30"><span class='ocrx_word' id='word_1_119' title='bbox 954 1718 1116 1761; x_wconf 89' lang='lat' dir='ltr'>mar.</span> <span class='ocrx_word' id='word_1_120' title='bbox 1163 1681 1322 1791; x_wconf 84' lang='lat' dir='ltr'>item</span> <span class='ocrx_word' id='word_1_121' title='bbox 1369 1699 1591 1780; x_wconf 88' lang='lat' dir='ltr'>pisces</span> <span class='ocrx_word' id='word_1_122' title='bbox 1635 1698 1791 1761; x_wconf 90' lang='lat' dir='ltr'>salsi</span> <span class='ocrx_word' id='word_1_123' title='bbox 1830 1707 1898 1760; x_wconf 92' lang='lat' dir='ltr'>et</span> <span class='ocrx_word' id='word_1_124' title='bbox 1937 1697 2068 1760; x_wconf 88' lang='lat' dir='ltr'>alia</span> <span class='ocrx_word' id='word_1_125' title='bbox 2103 1700 2434 1779; x_wconf 90' lang='lat' dir='ltr'>patebunt</span> <span class='ocrx_word' id='word_1_126' title='bbox 2478 1696 2543 1759; x_wconf 89' lang='lat' dir='ltr'>in</span> <span class='ocrx_word' id='word_1_127' title='bbox 2591 1709 2889 1782; x_wconf 78' lang='lat' dir='ltr'>aparatu,</span> <span class='ocrx_word' id='word_1_128' title='bbox 2937 1696 3095 1759; x_wconf 88' lang='lat' dir='ltr'>item</span> <span class='ocrx_word' id='word_1_129' title='bbox 3145 1718 3267 1779; x_wconf 90' lang='lat' dir='ltr'>pro</span> <span class='ocrx_word' id='word_1_130' title='bbox 3306 1697 3745 1770; x_wconf 77' lang='lat' dir='ltr'>cruczmorka,</span> <span class='ocrx_word' id='word_1_131' title='bbox 3783 1699 4157 1782; x_wconf 80' lang='lat' dir='ltr'>pasternak</span> 
     </span>
     <span class='ocr_line' id='line_1_13' title="bbox 952 1804 4151 1887; baseline 0 -20"><span class='ocrx_word' id='word_1_132' title='bbox 952 1815 1089 1868; x_wconf 86' lang='lat' dir='ltr'>tres</span> <span class='ocrx_word' id='word_1_133' title='bbox 1135 1825 1222 1867; x_wconf 92' lang='grc'>50.</span> <span class='ocrx_word' id='word_1_134' title='bbox 1269 1804 1428 1868; x_wconf 83' lang='lat' dir='ltr'>item</span> <span class='ocrx_word' id='word_1_135' title='bbox 1477 1825 1600 1886; x_wconf 92' lang='lat' dir='ltr'>pro</span> <span class='ocrx_word' id='word_1_136' title='bbox 1646 1824 2001 1887; x_wconf 87' lang='lat' dir='ltr'>papauere,</span> <span class='ocrx_word' id='word_1_137' title='bbox 2051 1824 2313 1886; x_wconf 88' lang='lat' dir='ltr'>canapo</span> <span class='ocrx_word' id='word_1_138' title='bbox 2362 1814 2652 1886; x_wconf 88' lang='lat' dir='ltr'>quatuor</span> <span class='ocrx_word' id='word_1_139' title='bbox 2697 1823 2787 1866; x_wconf 88' lang='grc'>50.</span> <span class='ocrx_word' id='word_1_140' title='bbox 2854 1804 3013 1866; x_wconf 89' lang='lat' dir='ltr'>item</span> <span class='ocrx_word' id='word_1_141' title='bbox 3062 1824 3187 1886; x_wconf 91' lang='lat' dir='ltr'>pro</span> <span class='ocrx_word' id='word_1_142' title='bbox 3234 1804 3395 1886; x_wconf 89' lang='lat' dir='ltr'>piso,</span> <span class='ocrx_word' id='word_1_143' title='bbox 3445 1805 3625 1868; x_wconf 88' lang='lat' dir='ltr'>milio</span> <span class='ocrx_word' id='word_1_144' title='bbox 3672 1819 3810 1868; x_wconf 85' lang='lat' dir='ltr'>tres</span> <span class='ocrx_word' id='word_1_145' title='bbox 3854 1827 3945 1868; x_wconf 89' lang='grc'>50.</span> <span class='ocrx_word' id='word_1_146' title='bbox 3990 1807 4151 1868; x_wconf 84' lang='lat' dir='ltr'>item</span> 
     </span>
    </p>
   </div>
   <div class='ocr_carea' id='block_1_3' title="bbox 953 1905 4153 2082">
    <p class='ocr_par' dir='ltr' id='par_1_6' title="bbox 953 1905 4153 2082">
     <span class='ocr_line' id='line_1_14' title="bbox 955 1905 4153 2019; baseline 0 -45"><span class='ocrx_word' id='word_1_147' title='bbox 955 1913 1117 1994; x_wconf 90' lang='lat' dir='ltr'>(pro)</span> <span class='ocrx_word' id='word_1_148' title='bbox 1164 1910 1440 1974; x_wconf 89' lang='lat' dir='ltr'>simellis</span> <span class='ocrx_word' id='word_1_149' title='bbox 1494 1921 1563 1973; x_wconf 90' lang='lat' dir='ltr'>et</span> <span class='ocrx_word' id='word_1_150' title='bbox 1607 1909 1868 2000; x_wconf 82' lang='lat' dir='ltr'>circulis</span> <span class='ocrx_word' id='word_1_151' title='bbox 1933 1921 2222 1993; x_wconf 85' lang='lat' dir='ltr'>quatuor</span> <span class='ocrx_word' id='word_1_152' title='bbox 2268 1930 2367 1994; x_wconf 87' lang='lat' dir='ltr'>gr.</span> <span class='ocrx_word' id='word_1_153' title='bbox 2434 1905 2593 2019; x_wconf 83' lang='lat' dir='ltr'>item</span> <span class='ocrx_word' id='word_1_154' title='bbox 2661 1931 2783 1992; x_wconf 91' lang='lat' dir='ltr'>pro</span> <span class='ocrx_word' id='word_1_155' title='bbox 2848 1913 3000 1973; x_wconf 91' lang='lat' dir='ltr'>oleo</span> <span class='ocrx_word' id='word_1_156' title='bbox 3064 1905 3423 1993; x_wconf 79' lang='lat' dir='ltr'>papaueris</span> <span class='ocrx_word' id='word_1_157' title='bbox 3486 1914 3623 1975; x_wconf 91' lang='lat' dir='ltr'>duo</span> <span class='ocrx_word' id='word_1_158' title='bbox 3668 1933 3757 1976; x_wconf 88' lang='grc'>50.</span> <span class='ocrx_word' id='word_1_159' title='bbox 3822 1912 3983 1975; x_wconf 88' lang='lat' dir='ltr'>item</span> <span class='ocrx_word' id='word_1_160' title='bbox 4030 1933 4153 1994; x_wconf 89' lang='lat' dir='ltr'>pro</span> 
     </span>
     <span class='ocr_line' id='line_1_15' title="bbox 953 1999 2333 2082; baseline -0.001 0"><span class='ocrx_word' id='word_1_161' title='bbox 953 2020 1220 2082; x_wconf 90' lang='lat' dir='ltr'>duobus</span> <span class='ocrx_word' id='word_1_162' title='bbox 1267 1999 1641 2082; x_wconf 84' lang='lat' dir='ltr'>octualibus</span> <span class='ocrx_word' id='word_1_163' title='bbox 1688 2018 1968 2082; x_wconf 88' lang='lat' dir='ltr'>ceruisie</span> <span class='ocrx_word' id='word_1_164' title='bbox 2015 2017 2196 2081; x_wconf 86' lang='lat' dir='ltr'>XVI</span> <span class='ocrx_word' id='word_1_165' title='bbox 2243 2038 2333 2080; x_wconf 89' lang='grc'>50.</span> 
     </span>
    </p>
   </div>
   <div class='ocr_carea' id='block_1_4' title="bbox 1168 2099 4153 2209">
    <p class='ocr_par' dir='ltr' id='par_1_7' title="bbox 1168 2099 4153 2209">
     <span class='ocr_line' id='line_1_16' title="bbox 1168 2099 4153 2209; baseline 0 -21"><span class='ocrx_word' id='word_1_166' title='bbox 1168 2125 1340 2188; x_wconf 86' lang='lat' dir='ltr'>Item</span> <span class='ocrx_word' id='word_1_167' title='bbox 1392 2105 1753 2207; x_wconf 85' lang='lat' dir='ltr'>pistoribus</span> <span class='ocrx_word' id='word_1_168' title='bbox 1817 2124 2192 2209; x_wconf 86' lang='lat' dir='ltr'>regalibus:</span> <span class='ocrx_word' id='word_1_169' title='bbox 2257 2145 2381 2206; x_wconf 89' lang='lat' dir='ltr'>pro</span> <span class='ocrx_word' id='word_1_170' title='bbox 2444 2123 2738 2206; x_wconf 89' lang='lat' dir='ltr'>piscibus</span> <span class='ocrx_word' id='word_1_171' title='bbox 2802 2099 3184 2189; x_wconf 87' lang='lat' dir='ltr'>recentibus</span> <span class='ocrx_word' id='word_1_172' title='bbox 3247 2127 3335 2190; x_wconf 89' lang='lat' dir='ltr'>ad</span> <span class='ocrx_word' id='word_1_173' title='bbox 3400 2125 3805 2188; x_wconf 86' lang='lat' dir='ltr'>friesandum</span> <span class='ocrx_word' id='word_1_174' title='bbox 3872 2126 3937 2188; x_wconf 89' lang='lat' dir='ltr'>in</span> <span class='ocrx_word' id='word_1_175' title='bbox 4002 2127 4153 2188; x_wconf 89' lang='lat' dir='ltr'>oleo</span> 
     </span>
    </p>
   </div>
   <div class='ocr_carea' id='block_1_5' title="bbox 955 2231 4154 2403">
    <p class='ocr_par' dir='ltr' id='par_1_8' title="bbox 955 2231 4154 2403">
     <span class='ocr_line' id='line_1_17' title="bbox 955 2231 4154 2315; baseline -0 -19"><span class='ocrx_word' id='word_1_176' title='bbox 955 2233 1065 2296; x_wconf 89' lang='lat' dir='ltr'>IX</span> <span class='ocrx_word' id='word_1_177' title='bbox 1113 2253 1203 2296; x_wconf 87' lang='grc'>50.</span> <span class='ocrx_word' id='word_1_178' title='bbox 1268 2233 1429 2295; x_wconf 88' lang='lat' dir='ltr'>item</span> <span class='ocrx_word' id='word_1_179' title='bbox 1495 2253 1618 2314; x_wconf 90' lang='lat' dir='ltr'>pro</span> <span class='ocrx_word' id='word_1_180' title='bbox 1682 2233 1834 2294; x_wconf 88' lang='lat' dir='ltr'>oleo</span> <span class='ocrx_word' id='word_1_181' title='bbox 1898 2232 2255 2315; x_wconf 87' lang='lat' dir='ltr'>papaueris</span> <span class='ocrx_word' id='word_1_182' title='bbox 2320 2242 2607 2314; x_wconf 90' lang='lat' dir='ltr'>quatuor</span> <span class='ocrx_word' id='word_1_183' title='bbox 2650 2253 2740 2294; x_wconf 91' lang='grc'>50.</span> <span class='ocrx_word' id='word_1_184' title='bbox 2806 2243 2873 2294; x_wconf 92' lang='lat' dir='ltr'>et</span> <span class='ocrx_word' id='word_1_185' title='bbox 2919 2231 3091 2314; x_wconf 67' lang='lat' dir='ltr'>[post</span> <span class='ocrx_word' id='word_1_186' title='bbox 3152 2233 3508 2315; x_wconf 87' lang='lat' dir='ltr'>prandium</span> <span class='ocrx_word' id='word_1_187' title='bbox 3579 2231 4010 2296; x_wconf 71' lang='lat' dir='ltr'>Machouziam</span> <span class='ocrx_word' id='word_1_188' title='bbox 4056 2253 4154 2295; x_wconf 90' lang='lat' dir='ltr'>re-</span> 
     </span>
     <span class='ocr_line' id='line_1_18' title="bbox 957 2341 1328 2403; baseline 0 0"><span class='ocrx_word' id='word_1_189' title='bbox 957 2341 1328 2403; x_wconf 84' lang='lat' dir='ltr'>cesserunt.</span> 
     </span>
    </p>
   </div>
   <div class='ocr_carea' id='block_1_6' title="bbox 956 2427 4175 4350">
    <p class='ocr_par' dir='ltr' id='par_1_9' title="bbox 1169 2427 4157 2536">
     <span class='ocr_line' id='line_1_19' title="bbox 1169 2427 4157 2536; baseline -0.001 -26"><span class='ocrx_word' id='word_1_190' title='bbox 1169 2447 1463 2530; x_wconf 89' lang='lat' dir='ltr'>Dyearia</span> <span class='ocrx_word' id='word_1_191' title='bbox 1509 2467 1641 2510; x_wconf 84' lang='lat' dir='ltr'>non</span> <span class='ocrx_word' id='word_1_192' title='bbox 1709 2427 1868 2510; x_wconf 80' lang='lat' dir='ltr'>sunt</span> <span class='ocrx_word' id='word_1_193' title='bbox 1932 2447 2092 2510; x_wconf 88' lang='lat' dir='ltr'>data</span> <span class='ocrx_word' id='word_1_194' title='bbox 2155 2446 2438 2536; x_wconf 86' lang='lat' dir='ltr'>ducibus</span> <span class='ocrx_word' id='word_1_195' title='bbox 2502 2456 2569 2508; x_wconf 91' lang='lat' dir='ltr'>et</span> <span class='ocrx_word' id='word_1_196' title='bbox 2634 2447 3014 2520; x_wconf 86' lang='lat' dir='ltr'>baronibus,</span> <span class='ocrx_word' id='word_1_197' title='bbox 3081 2447 3239 2529; x_wconf 89' lang='lat' dir='ltr'>quia</span> <span class='ocrx_word' id='word_1_198' title='bbox 3294 2447 3611 2509; x_wconf 89' lang='lat' dir='ltr'>dominus</span> <span class='ocrx_word' id='word_1_199' title='bbox 3671 2445 3838 2509; x_wconf 89' lang='lat' dir='ltr'>Rex</span> <span class='ocrx_word' id='word_1_200' title='bbox 3884 2455 4157 2528; x_wconf 88' lang='lat' dir='ltr'>peracto</span> 
     </span>
    </p>

    <p class='ocr_par' dir='ltr' id='par_1_10' title="bbox 956 2551 2836 2752">
     <span class='ocr_line' id='line_1_20' title="bbox 956 2551 2730 2638; baseline -0.001 -20"><span class='ocrx_word' id='word_1_201' title='bbox 956 2555 1238 2637; x_wconf 86' lang='lat' dir='ltr'>prandio</span> <span class='ocrx_word' id='word_1_202' title='bbox 1283 2551 1714 2618; x_wconf 48' lang='lat' dir='ltr'>,Mechouiam</span> <span class='ocrx_word' id='word_1_203' title='bbox 1759 2574 1916 2617; x_wconf 90' lang='lat' dir='ltr'>cum</span> <span class='ocrx_word' id='word_1_204' title='bbox 1967 2553 2242 2638; x_wconf 86' lang='lat' dir='ltr'>Regina</span> <span class='ocrx_word' id='word_1_205' title='bbox 2289 2563 2730 2618; x_wconf 88' lang='lat' dir='ltr'>recesserunt.</span> 
     </span>
     <span class='ocr_line' id='line_1_21' title="bbox 1109 2643 2836 2752; baseline -0.001 -26"><span class='ocrx_word' id='word_1_206' title='bbox 1109 2643 1116 2648; x_wconf 37' lang='lat'>⁵</span> <span class='ocrx_word' id='word_1_207' title='bbox 1173 2657 1456 2726; x_wconf 86' lang='lat' dir='ltr'>Summa</span> <span class='ocrx_word' id='word_1_208' title='bbox 1501 2662 1698 2726; x_wconf 85' lang='lat' dir='ltr'>huius</span> <span class='ocrx_word' id='word_1_209' title='bbox 1745 2661 1876 2726; x_wconf 86' lang='lat' dir='ltr'>diei</span> <span class='ocrx_word' id='word_1_210' title='bbox 1921 2661 2081 2724; x_wconf 90' lang='lat' dir='ltr'>facit</span> <span class='ocrx_word' id='word_1_211' title='bbox 2127 2661 2235 2752; x_wconf 88' lang='lat' dir='ltr'>XI</span> <span class='ocrx_word' id='word_1_212' title='bbox 2282 2681 2443 2724; x_wconf 87' lang='lat' dir='ltr'>mar.</span> <span class='ocrx_word' id='word_1_213' title='bbox 2493 2661 2629 2750; x_wconf 84' lang='lat' dir='ltr'>VII</span> <span class='ocrx_word' id='word_1_214' title='bbox 2675 2671 2836 2724; x_wconf 89' lang='lat' dir='ltr'>scot.</span> 
     </span>
    </p>

    <p class='ocr_par' dir='ltr' id='par_1_11' title="bbox 958 2766 4158 2940">
     <span class='ocr_line' id='line_1_22' title="bbox 1173 2766 4158 2850; baseline -0.001 -18"><span class='ocrx_word' id='word_1_215' title='bbox 1173 2766 1510 2832; x_wconf 88' lang='lat' dir='ltr'>Secuntur</span> <span class='ocrx_word' id='word_1_216' title='bbox 1581 2769 1895 2850; x_wconf 80' lang='lat' dir='ltr'>aparat&#39;us</span> <span class='ocrx_word' id='word_1_217' title='bbox 1968 2769 2419 2850; x_wconf 86' lang='lat' dir='ltr'>predictarum</span> <span class='ocrx_word' id='word_1_218' title='bbox 2495 2769 2780 2830; x_wconf 89' lang='lat' dir='ltr'>duarum</span> <span class='ocrx_word' id='word_1_219' title='bbox 2854 2770 3229 2832; x_wconf 84' lang='lat' dir='ltr'>stacionum</span> <span class='ocrx_word' id='word_1_220' title='bbox 3308 2767 3871 2844; x_wconf 87' lang='lat' dir='ltr'>Proschouiensis,</span> <span class='ocrx_word' id='word_1_221' title='bbox 3936 2767 4158 2832; x_wconf 88' lang='lat' dir='ltr'>Slom-</span> 
     </span>
     <span class='ocr_line' id='line_1_23' title="bbox 958 2876 1340 2940; baseline -0.005 -1"><span class='ocrx_word' id='word_1_222' title='bbox 958 2876 1262 2940; x_wconf 72' lang='lat' dir='ltr'>nicensis</span> <span class='ocrx_word' id='word_1_223' title='bbox 1335 2907 1340 2914; x_wconf 92' lang='lat'><strong>·</strong></span> 
     </span>
    </p>

    <p class='ocr_par' dir='ltr' id='par_1_12' title="bbox 961 2983 4175 4350">
     <span class='ocr_line' id='line_1_24' title="bbox 1175 2983 4165 3073; baseline -0.001 -27"><span class='ocrx_word' id='word_1_224' title='bbox 1175 2983 1348 3046; x_wconf 90' lang='lat' dir='ltr'>Item</span> <span class='ocrx_word' id='word_1_225' title='bbox 1395 2984 1610 3065; x_wconf 88' lang='lat' dir='ltr'>primo</span> <span class='ocrx_word' id='word_1_226' title='bbox 1657 3003 1780 3065; x_wconf 91' lang='lat' dir='ltr'>pro</span> <span class='ocrx_word' id='word_1_227' title='bbox 1836 2994 2127 3066; x_wconf 88' lang='lat' dir='ltr'>quatuor</span> <span class='ocrx_word' id='word_1_228' title='bbox 2187 2983 2413 3046; x_wconf 91' lang='lat' dir='ltr'>tunnis</span> <span class='ocrx_word' id='word_1_229' title='bbox 2476 2983 2756 3073; x_wconf 82' lang='lat' dir='ltr'>piscium</span> <span class='ocrx_word' id='word_1_230' title='bbox 2822 2984 3170 3056; x_wconf 88' lang='lat' dir='ltr'>salsorum,</span> <span class='ocrx_word' id='word_1_231' title='bbox 3235 2983 3563 3070; x_wconf 85' lang='lat' dir='ltr'>capiendo</span> <span class='ocrx_word' id='word_1_232' title='bbox 3626 2983 4000 3065; x_wconf 86' lang='lat' dir='ltr'>quamlibet</span> <span class='ocrx_word' id='word_1_233' title='bbox 4044 3003 4165 3064; x_wconf 89' lang='lat' dir='ltr'>per</span> 
     </span>
     <span class='ocr_line' id='line_1_25' title="bbox 985 3071 4161 3178; baseline -0.001 -25"><span class='ocrx_word' id='word_1_234' title='bbox 985 3111 1096 3154; x_wconf 91' lang='lat' dir='ltr'>res</span> <span class='ocrx_word' id='word_1_235' title='bbox 1142 3071 1304 3153; x_wconf 79' lang='lat' dir='ltr'>mar.</span> <span class='ocrx_word' id='word_1_236' title='bbox 1352 3100 1420 3153; x_wconf 90' lang='lat' dir='ltr'>et</span> <span class='ocrx_word' id='word_1_237' title='bbox 1465 3109 1588 3172; x_wconf 84' lang='lat' dir='ltr'>per</span> <span class='ocrx_word' id='word_1_238' title='bbox 1633 3071 1981 3163; x_wconf 83' lang='lat' dir='ltr'>fertonem,</span> <span class='ocrx_word' id='word_1_239' title='bbox 2047 3090 2112 3152; x_wconf 94' lang='lat' dir='ltr'>in</span> <span class='ocrx_word' id='word_1_240' title='bbox 2161 3100 2305 3152; x_wconf 90' lang='lat' dir='ltr'>toto</span> <span class='ocrx_word' id='word_1_241' title='bbox 2352 3089 2508 3152; x_wconf 87' lang='lat' dir='ltr'>facit</span> <span class='ocrx_word' id='word_1_242' title='bbox 2554 3089 2733 3152; x_wconf 85' lang='lat' dir='ltr'>XIII</span> <span class='ocrx_word' id='word_1_243' title='bbox 2779 3110 2941 3153; x_wconf 87' lang='lat' dir='ltr'>mar.</span> <span class='ocrx_word' id='word_1_244' title='bbox 3006 3089 3164 3178; x_wconf 83' lang='lat' dir='ltr'>item</span> <span class='ocrx_word' id='word_1_245' title='bbox 3232 3110 3354 3172; x_wconf 90' lang='lat' dir='ltr'>pro</span> <span class='ocrx_word' id='word_1_246' title='bbox 3416 3099 3627 3152; x_wconf 90' lang='lat' dir='ltr'>tunna</span> <span class='ocrx_word' id='word_1_247' title='bbox 3690 3088 4161 3172; x_wconf 82' lang='lat' dir='ltr'>angwillarum</span> 
     </span>
     <span class='ocr_line' id='line_1_26' title="bbox 961 3196 4165 3294; baseline -0.001 -33"><span class='ocrx_word' id='word_1_248' title='bbox 961 3199 1028 3261; x_wconf 89' lang='lat' dir='ltr'>in</span> <span class='ocrx_word' id='word_1_249' title='bbox 1076 3196 1402 3261; x_wconf 89' lang='lat' dir='ltr'>Cracouia</span> <span class='ocrx_word' id='word_1_250' title='bbox 1448 3206 1854 3294; x_wconf 83' lang='lat' dir='ltr'>comparata,</span> <span class='ocrx_word' id='word_1_251' title='bbox 1902 3207 2192 3279; x_wconf 90' lang='lat' dir='ltr'>quatuor</span> <span class='ocrx_word' id='word_1_252' title='bbox 2238 3217 2399 3259; x_wconf 89' lang='lat' dir='ltr'>mar.</span> <span class='ocrx_word' id='word_1_253' title='bbox 2448 3196 2557 3259; x_wconf 87' lang='lat' dir='ltr'>IX</span> <span class='ocrx_word' id='word_1_254' title='bbox 2603 3217 2693 3259; x_wconf 91' lang='grc'>50.</span> <span class='ocrx_word' id='word_1_255' title='bbox 2740 3197 2901 3259; x_wconf 88' lang='lat' dir='ltr'>item</span> <span class='ocrx_word' id='word_1_256' title='bbox 2952 3217 3073 3278; x_wconf 90' lang='lat' dir='ltr'>pro</span> <span class='ocrx_word' id='word_1_257' title='bbox 3118 3199 3385 3286; x_wconf 85' lang='lat' dir='ltr'>duabus</span> <span class='ocrx_word' id='word_1_258' title='bbox 3429 3197 3657 3259; x_wconf 89' lang='lat' dir='ltr'>tunnis</span> <span class='ocrx_word' id='word_1_259' title='bbox 3701 3197 4012 3270; x_wconf 79' lang='lat' dir='ltr'>allecum,</span> <span class='ocrx_word' id='word_1_260' title='bbox 4056 3217 4165 3259; x_wconf 88' lang='lat' dir='ltr'>ca-</span> 
     </span>
     <span class='ocr_line' id='line_1_27' title="bbox 963 3302 4168 3388; baseline -0.001 -20"><span class='ocrx_word' id='word_1_261' title='bbox 963 3305 1208 3388; x_wconf 80' lang='lat' dir='ltr'>piendo</span> <span class='ocrx_word' id='word_1_262' title='bbox 1255 3303 1626 3387; x_wconf 82' lang='lat' dir='ltr'>quamlibet</span> <span class='ocrx_word' id='word_1_263' title='bbox 1691 3323 1810 3386; x_wconf 91' lang='lat' dir='ltr'>per</span> <span class='ocrx_word' id='word_1_264' title='bbox 1867 3304 2164 3385; x_wconf 90' lang='lat' dir='ltr'>quinque</span> <span class='ocrx_word' id='word_1_265' title='bbox 2214 3323 2374 3366; x_wconf 89' lang='lat' dir='ltr'>mar.</span> <span class='ocrx_word' id='word_1_266' title='bbox 2421 3302 2579 3365; x_wconf 88' lang='lat' dir='ltr'>facit</span> <span class='ocrx_word' id='word_1_267' title='bbox 2628 3303 2699 3365; x_wconf 88' lang='lat' dir='ltr'>X</span> <span class='ocrx_word' id='word_1_268' title='bbox 2749 3324 2907 3367; x_wconf 88' lang='lat' dir='ltr'>mar.</span> <span class='ocrx_word' id='word_1_269' title='bbox 2973 3304 3133 3365; x_wconf 90' lang='lat' dir='ltr'>item</span> <span class='ocrx_word' id='word_1_270' title='bbox 3201 3325 3323 3386; x_wconf 91' lang='lat' dir='ltr'>pro</span> <span class='ocrx_word' id='word_1_271' title='bbox 3390 3304 3613 3366; x_wconf 87' lang='lat' dir='ltr'>media</span> <span class='ocrx_word' id='word_1_272' title='bbox 3678 3305 3891 3366; x_wconf 90' lang='lat' dir='ltr'>altera</span> <span class='ocrx_word' id='word_1_273' title='bbox 3954 3315 4168 3366; x_wconf 85' lang='lat' dir='ltr'>tunna</span> 
     </span>
     <span class='ocr_line' id='line_1_28' title="bbox 965 3409 4167 3493; baseline -0 -19"><span class='ocrx_word' id='word_1_274' title='bbox 965 3412 1107 3475; x_wconf 85' lang='lat' dir='ltr'>olei</span> <span class='ocrx_word' id='word_1_275' title='bbox 1140 3431 1266 3493; x_wconf 92' lang='lat' dir='ltr'>pro</span> <span class='ocrx_word' id='word_1_276' title='bbox 1311 3411 1785 3475; x_wconf 83' lang='lat' dir='ltr'>distribuendis</span> <span class='ocrx_word' id='word_1_277' title='bbox 1850 3411 2074 3492; x_wconf 86' lang='lat' dir='ltr'>dierijs</span> <span class='ocrx_word' id='word_1_278' title='bbox 2123 3420 2190 3473; x_wconf 87' lang='lat' dir='ltr'>et</span> <span class='ocrx_word' id='word_1_279' title='bbox 2237 3411 2323 3472; x_wconf 90' lang='lat' dir='ltr'>ad</span> <span class='ocrx_word' id='word_1_280' title='bbox 2371 3410 2693 3492; x_wconf 88' lang='lat' dir='ltr'>coquinas</span> <span class='ocrx_word' id='word_1_281' title='bbox 2740 3409 2839 3472; x_wconf 93' lang='lat' dir='ltr'>IV</span> <span class='ocrx_word' id='word_1_282' title='bbox 2856 3409 2917 3490; x_wconf 68' lang='grc' dir='ltr'>Ἰ,</span> <span class='ocrx_word' id='word_1_283' title='bbox 2978 3431 3139 3473; x_wconf 88' lang='lat' dir='ltr'>mar.</span> <span class='ocrx_word' id='word_1_284' title='bbox 3206 3411 3363 3473; x_wconf 88' lang='lat' dir='ltr'>item</span> <span class='ocrx_word' id='word_1_285' title='bbox 3431 3431 3555 3492; x_wconf 89' lang='lat' dir='ltr'>pro</span> <span class='ocrx_word' id='word_1_286' title='bbox 3622 3422 3912 3492; x_wconf 86' lang='lat' dir='ltr'>quatuor</span> <span class='ocrx_word' id='word_1_287' title='bbox 3955 3411 4167 3473; x_wconf 88' lang='lat' dir='ltr'>doleis</span> 
     </span>
     <span class='ocr_line' id='line_1_29' title="bbox 965 3513 4170 3608; baseline -0 -27"><span class='ocrx_word' id='word_1_288' title='bbox 965 3519 1232 3602; x_wconf 86' lang='lat' dir='ltr'>magnis</span> <span class='ocrx_word' id='word_1_289' title='bbox 1279 3515 1456 3581; x_wconf 91' lang='lat' dir='ltr'>XVI</span> <span class='ocrx_word' id='word_1_290' title='bbox 1503 3539 1592 3582; x_wconf 91' lang='lat' dir='ltr'>sc.</span> <span class='ocrx_word' id='word_1_291' title='bbox 1657 3519 1815 3581; x_wconf 89' lang='lat' dir='ltr'>item</span> <span class='ocrx_word' id='word_1_292' title='bbox 1866 3537 1988 3600; x_wconf 91' lang='lat' dir='ltr'>pro</span> <span class='ocrx_word' id='word_1_293' title='bbox 2055 3528 2341 3601; x_wconf 89' lang='lat' dir='ltr'>quatuor</span> <span class='ocrx_word' id='word_1_294' title='bbox 2403 3518 2572 3608; x_wconf 87' lang='lat' dir='ltr'>tinis‚</span> <span class='ocrx_word' id='word_1_295' title='bbox 2628 3513 2925 3599; x_wconf 73' lang='lat' dir='ltr'>&#39;quatuor</span> <span class='ocrx_word' id='word_1_296' title='bbox 2971 3538 3062 3582; x_wconf 90' lang='lat' dir='ltr'>sc.</span> <span class='ocrx_word' id='word_1_297' title='bbox 3128 3519 3286 3581; x_wconf 89' lang='lat' dir='ltr'>item</span> <span class='ocrx_word' id='word_1_298' title='bbox 3352 3538 3473 3600; x_wconf 93' lang='lat' dir='ltr'>pro</span> <span class='ocrx_word' id='word_1_299' title='bbox 3538 3528 3826 3600; x_wconf 88' lang='lat' dir='ltr'>quatuor</span> <span class='ocrx_word' id='word_1_300' title='bbox 3890 3517 4170 3599; x_wconf 87' lang='lat' dir='ltr'>pastinis</span> 
     </span>
     <span class='ocr_line' id='line_1_30' title="bbox 967 3625 4171 3716; baseline -0.001 -27"><span class='ocrx_word' id='word_1_301' title='bbox 967 3627 1130 3689; x_wconf 89' lang='lat' dir='ltr'>alias</span> <span class='ocrx_word' id='word_1_302' title='bbox 1179 3645 1354 3700; x_wconf 79' lang='lat' dir='ltr'>czesz,</span> <span class='ocrx_word' id='word_1_303' title='bbox 1403 3645 1528 3689; x_wconf 88' lang='lat' dir='ltr'>sex</span> <span class='ocrx_word' id='word_1_304' title='bbox 1565 3646 1656 3688; x_wconf 90' lang='grc'>50.</span> <span class='ocrx_word' id='word_1_305' title='bbox 1702 3626 1864 3688; x_wconf 89' lang='lat' dir='ltr'>item</span> <span class='ocrx_word' id='word_1_306' title='bbox 1911 3645 2035 3707; x_wconf 89' lang='lat' dir='ltr'>pro</span> <span class='ocrx_word' id='word_1_307' title='bbox 2075 3637 2365 3708; x_wconf 88' lang='lat' dir='ltr'>quatuor</span> <span class='ocrx_word' id='word_1_308' title='bbox 2400 3627 2615 3716; x_wconf 87' lang='lat' dir='ltr'>vrceis</span> <span class='ocrx_word' id='word_1_309' title='bbox 2652 3627 2739 3688; x_wconf 91' lang='lat' dir='ltr'>ad</span> <span class='ocrx_word' id='word_1_310' title='bbox 2777 3626 3091 3688; x_wconf 86' lang='lat' dir='ltr'>balneum</span> <span class='ocrx_word' id='word_1_311' title='bbox 3132 3625 3308 3687; x_wconf 87' lang='lat' dir='ltr'>XVI</span> <span class='ocrx_word' id='word_1_312' title='bbox 3348 3637 3561 3708; x_wconf 87' lang='lat' dir='ltr'>quart.</span> <span class='ocrx_word' id='word_1_313' title='bbox 3599 3625 3755 3688; x_wconf 89' lang='lat' dir='ltr'>item</span> <span class='ocrx_word' id='word_1_314' title='bbox 3796 3646 3920 3707; x_wconf 90' lang='lat' dir='ltr'>pro</span> <span class='ocrx_word' id='word_1_315' title='bbox 3956 3625 4171 3687; x_wconf 88' lang='lat' dir='ltr'>alueis</span> 
     </span>
     <span class='ocr_line' id='line_1_31' title="bbox 969 3731 4170 3816; baseline 0 -22"><span class='ocrx_word' id='word_1_316' title='bbox 969 3731 1106 3796; x_wconf 89' lang='lat' dir='ltr'>VII</span> <span class='ocrx_word' id='word_1_317' title='bbox 1152 3752 1241 3797; x_wconf 89' lang='grc'>50.</span> <span class='ocrx_word' id='word_1_318' title='bbox 1288 3734 1445 3796; x_wconf 88' lang='lat' dir='ltr'>item</span> <span class='ocrx_word' id='word_1_319' title='bbox 1496 3753 1619 3814; x_wconf 87' lang='lat' dir='ltr'>pro</span> <span class='ocrx_word' id='word_1_320' title='bbox 1686 3733 1984 3815; x_wconf 89' lang='lat' dir='ltr'>quinque</span> <span class='ocrx_word' id='word_1_321' title='bbox 2031 3732 2399 3816; x_wconf 84' lang='lat' dir='ltr'>sexagenis</span> <span class='ocrx_word' id='word_1_322' title='bbox 2460 3733 2892 3795; x_wconf 88' lang='lat' dir='ltr'>scutellarum</span> <span class='ocrx_word' id='word_1_323' title='bbox 2942 3732 2973 3793; x_wconf 95' lang='lat' dir='ltr'>I</span> <span class='ocrx_word' id='word_1_324' title='bbox 3022 3752 3183 3794; x_wconf 90' lang='lat' dir='ltr'>mar.</span> <span class='ocrx_word' id='word_1_325' title='bbox 3232 3731 3402 3794; x_wconf 93' lang='lat' dir='ltr'>VIII</span> <span class='ocrx_word' id='word_1_326' title='bbox 3448 3743 3612 3795; x_wconf 90' lang='lat' dir='ltr'>scot.</span> <span class='ocrx_word' id='word_1_327' title='bbox 3677 3732 3835 3794; x_wconf 90' lang='lat' dir='ltr'>item</span> <span class='ocrx_word' id='word_1_328' title='bbox 3883 3752 4007 3814; x_wconf 89' lang='lat' dir='ltr'>pro</span> <span class='ocrx_word' id='word_1_329' title='bbox 4052 3733 4170 3794; x_wconf 89' lang='lat' dir='ltr'>de·</span> 
     </span>
     <span class='ocr_line' id='line_1_32' title="bbox 971 3838 4170 3940; baseline -0.001 -36"><span class='ocrx_word' id='word_1_330' title='bbox 971 3860 1118 3904; x_wconf 88' lang='lat' dir='ltr'>cem</span> <span class='ocrx_word' id='word_1_331' title='bbox 1166 3840 1534 3940; x_wconf 82' lang='lat' dir='ltr'>sexagenis</span> <span class='ocrx_word' id='word_1_332' title='bbox 1600 3841 1903 3934; x_wconf 87' lang='lat' dir='ltr'>ollarum,</span> <span class='ocrx_word' id='word_1_333' title='bbox 1967 3859 2091 3921; x_wconf 89' lang='lat' dir='ltr'>per</span> <span class='ocrx_word' id='word_1_334' title='bbox 2139 3838 2310 3902; x_wconf 89' lang='lat' dir='ltr'>VIII</span> <span class='ocrx_word' id='word_1_335' title='bbox 2369 3860 2467 3923; x_wconf 89' lang='lat' dir='ltr'>gr.</span> <span class='ocrx_word' id='word_1_336' title='bbox 2534 3839 2863 3921; x_wconf 89' lang='lat' dir='ltr'>capiendo</span> <span class='ocrx_word' id='word_1_337' title='bbox 2928 3840 3317 3921; x_wconf 83' lang='lat' dir='ltr'>quamlibet,</span> <span class='ocrx_word' id='word_1_338' title='bbox 3382 3839 3447 3901; x_wconf 92' lang='lat' dir='ltr'>in</span> <span class='ocrx_word' id='word_1_339' title='bbox 3515 3849 3659 3901; x_wconf 91' lang='lat' dir='ltr'>toto</span> <span class='ocrx_word' id='word_1_340' title='bbox 3722 3838 3881 3902; x_wconf 89' lang='lat' dir='ltr'>facit</span> <span class='ocrx_word' id='word_1_341' title='bbox 3928 3839 3957 3900; x_wconf 96' lang='lat' dir='ltr'>I</span> <span class='ocrx_word' id='word_1_342' title='bbox 4008 3859 4170 3901; x_wconf 89' lang='lat' dir='ltr'>mar.</span> 
     </span>
     <span class='ocr_line' id='line_1_33' title="bbox 968 3927 4173 4042; baseline -0.001 -31"><span class='ocrx_word' id='word_1_343' title='bbox 968 3947 1151 4011; x_wconf 84' lang='lat' dir='ltr'>XVI</span> <span class='ocrx_word' id='word_1_344' title='bbox 1197 3949 1358 4042; x_wconf 81' lang='lat' dir='ltr'>scot.</span> <span class='ocrx_word' id='word_1_345' title='bbox 1405 3947 1562 4010; x_wconf 87' lang='lat' dir='ltr'>item</span> <span class='ocrx_word' id='word_1_346' title='bbox 1611 3967 1736 4042; x_wconf 81' lang='lat' dir='ltr'>pro</span> <span class='ocrx_word' id='word_1_347' title='bbox 1782 3927 2062 4009; x_wconf 84' lang='lat' dir='ltr'>olliculis</span> <span class='ocrx_word' id='word_1_348' title='bbox 2109 3967 2234 4009; x_wconf 91' lang='lat' dir='ltr'>sex</span> <span class='ocrx_word' id='word_1_349' title='bbox 2280 3966 2517 4030; x_wconf 89' lang='lat' dir='ltr'>sexag.</span> <span class='ocrx_word' id='word_1_350' title='bbox 2575 3946 2719 4009; x_wconf 91' lang='lat' dir='ltr'>XII</span> <span class='ocrx_word' id='word_1_351' title='bbox 2766 3965 2855 4009; x_wconf 88' lang='grc'>50.</span> <span class='ocrx_word' id='word_1_352' title='bbox 2922 3947 3079 4008; x_wconf 88' lang='lat' dir='ltr'>item</span> <span class='ocrx_word' id='word_1_353' title='bbox 3127 3966 3251 4028; x_wconf 90' lang='lat' dir='ltr'>pro</span> <span class='ocrx_word' id='word_1_354' title='bbox 3318 3946 3736 4008; x_wconf 86' lang='lat' dir='ltr'>multralibus</span> <span class='ocrx_word' id='word_1_355' title='bbox 3782 3945 4033 4009; x_wconf 89' lang='lat' dir='ltr'>XVIII</span> <span class='ocrx_word' id='word_1_356' title='bbox 4078 3965 4173 4008; x_wconf 89' lang='lat' dir='ltr'>sc.</span> 
     </span>
     <span class='ocr_line' id='line_1_34' title="bbox 967 4052 4175 4138; baseline -0.002 -18"><span class='ocrx_word' id='word_1_357' title='bbox 967 4056 1132 4122; x_wconf 86' lang='lat' dir='ltr'>item</span> <span class='ocrx_word' id='word_1_358' title='bbox 1179 4075 1303 4138; x_wconf 83' lang='lat' dir='ltr'>pro</span> <span class='ocrx_word' id='word_1_359' title='bbox 1349 4055 1616 4118; x_wconf 84' lang='lat' dir='ltr'>duobus</span> <span class='ocrx_word' id='word_1_360' title='bbox 1662 4054 1858 4128; x_wconf 78' lang='lat' dir='ltr'>vasiS,</span> <span class='ocrx_word' id='word_1_361' title='bbox 1925 4055 1990 4117; x_wconf 90' lang='lat' dir='ltr'>in</span> <span class='ocrx_word' id='word_1_362' title='bbox 2042 4053 2286 4135; x_wconf 88' lang='lat' dir='ltr'>quibus</span> <span class='ocrx_word' id='word_1_363' title='bbox 2350 4052 2569 4134; x_wconf 88' lang='lat' dir='ltr'>pisces</span> <span class='ocrx_word' id='word_1_364' title='bbox 2633 4053 2819 4116; x_wconf 91' lang='lat' dir='ltr'>ducti</span> <span class='ocrx_word' id='word_1_365' title='bbox 2882 4055 2973 4115; x_wconf 90' lang='lat' dir='ltr'>ad</span> <span class='ocrx_word' id='word_1_366' title='bbox 3035 4053 3247 4115; x_wconf 90' lang='lat' dir='ltr'>dictas</span> <span class='ocrx_word' id='word_1_367' title='bbox 3294 4053 3643 4126; x_wconf 77' lang='lat' dir='ltr'>stacioneS,</span> <span class='ocrx_word' id='word_1_368' title='bbox 3692 4052 3827 4116; x_wconf 95' lang='lat' dir='ltr'>VII</span> <span class='ocrx_word' id='word_1_369' title='bbox 3872 4073 3963 4116; x_wconf 90' lang='grc'>50.</span> <span class='ocrx_word' id='word_1_370' title='bbox 4010 4053 4175 4115; x_wconf 88' lang='lat' dir='ltr'>item</span> 
     </span>
     <span class='ocr_line' id='line_1_35' title="bbox 971 4159 4175 4244; baseline -0.001 -20"><span class='ocrx_word' id='word_1_371' title='bbox 971 4181 1097 4244; x_wconf 87' lang='lat' dir='ltr'>pro</span> <span class='ocrx_word' id='word_1_372' title='bbox 1141 4161 1438 4224; x_wconf 87' lang='lat' dir='ltr'>subereis</span> <span class='ocrx_word' id='word_1_373' title='bbox 1485 4172 1774 4244; x_wconf 89' lang='lat' dir='ltr'>quatuor</span> <span class='ocrx_word' id='word_1_374' title='bbox 1821 4181 1921 4244; x_wconf 78' lang='lat' dir='ltr'>gr.</span> <span class='ocrx_word' id='word_1_375' title='bbox 1979 4159 2140 4223; x_wconf 91' lang='lat' dir='ltr'>item</span> <span class='ocrx_word' id='word_1_376' title='bbox 2188 4180 2313 4242; x_wconf 91' lang='lat' dir='ltr'>pro</span> <span class='ocrx_word' id='word_1_377' title='bbox 2360 4160 2592 4243; x_wconf 87' lang='lat' dir='ltr'>pilicijs</span> <span class='ocrx_word' id='word_1_378' title='bbox 2638 4160 2802 4222; x_wconf 86' lang='lat' dir='ltr'>alias</span> <span class='ocrx_word' id='word_1_379' title='bbox 2845 4159 3023 4223; x_wconf 74' lang='lat' dir='ltr'>sitlea</span> <span class='ocrx_word' id='word_1_380' title='bbox 3088 4162 3175 4223; x_wconf 89' lang='lat' dir='ltr'>ad</span> <span class='ocrx_word' id='word_1_381' title='bbox 3238 4161 3559 4243; x_wconf 85' lang='lat' dir='ltr'>coquinas</span> <span class='ocrx_word' id='word_1_382' title='bbox 3624 4161 3987 4242; x_wconf 88' lang='lat' dir='ltr'>pistoribus</span> <span class='ocrx_word' id='word_1_383' title='bbox 4034 4159 4175 4222; x_wconf 87' lang='lat' dir='ltr'>VII</span> 
     </span>
     <span class='ocr_line' id='line_1_36' title="bbox 973 4266 4175 4350; baseline -0 -21"><span class='ocrx_word' id='word_1_384' title='bbox 973 4286 1064 4330; x_wconf 90' lang='lat' dir='ltr'>sc.</span> <span class='ocrx_word' id='word_1_385' title='bbox 1112 4268 1270 4330; x_wconf 89' lang='lat' dir='ltr'>item</span> <span class='ocrx_word' id='word_1_386' title='bbox 1320 4287 1442 4349; x_wconf 88' lang='lat' dir='ltr'>pro</span> <span class='ocrx_word' id='word_1_387' title='bbox 1489 4287 1708 4330; x_wconf 86' lang='lat' dir='ltr'>auena</span> <span class='ocrx_word' id='word_1_388' title='bbox 1753 4267 2058 4330; x_wconf 91' lang='lat' dir='ltr'>ducentis</span> <span class='ocrx_word' id='word_1_389' title='bbox 2103 4267 2553 4350; x_wconf 78' lang='lat' dir='ltr'>quadraginta</span> <span class='ocrx_word' id='word_1_390' title='bbox 2600 4280 2754 4329; x_wconf 88' lang='lat' dir='ltr'>octo</span> <span class='ocrx_word' id='word_1_391' title='bbox 2802 4266 3147 4340; x_wconf 88' lang='lat' dir='ltr'>mensuris,</span> <span class='ocrx_word' id='word_1_392' title='bbox 3194 4267 3522 4349; x_wconf 91' lang='lat' dir='ltr'>capiendo</span> <span class='ocrx_word' id='word_1_393' title='bbox 3568 4266 3941 4349; x_wconf 88' lang='lat' dir='ltr'>quamlibet</span> <span class='ocrx_word' id='word_1_394' title='bbox 3986 4286 4175 4329; x_wconf 88' lang='lat' dir='ltr'>men-</span> 
     </span>
    </p>
   </div>
   <div class='ocr_carea' id='block_1_7' title="bbox 975 4373 4179 4867">
    <p class='ocr_par' dir='ltr' id='par_1_13' title="bbox 975 4373 4179 4867">
     <span class='ocr_line' id='line_1_37' title="bbox 975 4373 4177 4472; baseline 0 -36"><span class='ocrx_word' id='word_1_395' title='bbox 975 4395 1198 4436; x_wconf 89' lang='lat' dir='ltr'>suram</span> <span class='ocrx_word' id='word_1_396' title='bbox 1246 4394 1369 4456; x_wconf 87' lang='lat' dir='ltr'>per</span> <span class='ocrx_word' id='word_1_397' title='bbox 1411 4384 1698 4472; x_wconf 84' lang='lat' dir='ltr'>quatuor</span> <span class='ocrx_word' id='word_1_398' title='bbox 1743 4394 2019 4458; x_wconf 90' lang='lat' dir='ltr'>grossos</span> <span class='ocrx_word' id='word_1_399' title='bbox 2085 4373 2307 4435; x_wconf 90' lang='lat' dir='ltr'>minus</span> <span class='ocrx_word' id='word_1_400' title='bbox 2353 4395 2477 4437; x_wconf 83' lang='lat' dir='ltr'>sex</span> <span class='ocrx_word' id='word_1_401' title='bbox 2542 4373 2848 4456; x_wconf 73' lang='lat' dir='ltr'>denarijS,</span> <span class='ocrx_word' id='word_1_402' title='bbox 2914 4373 3072 4436; x_wconf 88' lang='lat' dir='ltr'>facit</span> <span class='ocrx_word' id='word_1_403' title='bbox 3117 4374 3183 4436; x_wconf 93' lang='lat' dir='ltr'>in</span> <span class='ocrx_word' id='word_1_404' title='bbox 3234 4386 3377 4436; x_wconf 91' lang='lat' dir='ltr'>toto</span> <span class='ocrx_word' id='word_1_405' title='bbox 3428 4374 3673 4437; x_wconf 86' lang='lat' dir='ltr'>XVIII</span> <span class='ocrx_word' id='word_1_406' title='bbox 3724 4394 3883 4436; x_wconf 85' lang='lat' dir='ltr'>mar.</span> <span class='ocrx_word' id='word_1_407' title='bbox 3932 4373 4177 4457; x_wconf 84' lang='lat' dir='ltr'>viginti</span> 
     </span>
     <span class='ocr_line' id='line_1_38' title="bbox 976 4463 4179 4574; baseline -0.001 -28"><span class='ocrx_word' id='word_1_408' title='bbox 976 4483 1149 4546; x_wconf 85' lang='lat' dir='ltr'>duos</span> <span class='ocrx_word' id='word_1_409' title='bbox 1195 4502 1284 4545; x_wconf 90' lang='grc'>50.</span> <span class='ocrx_word' id='word_1_410' title='bbox 1331 4491 1486 4544; x_wconf 90' lang='lat' dir='ltr'>octo</span> <span class='ocrx_word' id='word_1_411' title='bbox 1532 4463 1849 4565; x_wconf 81' lang='lat' dir='ltr'>quadren.</span> <span class='ocrx_word' id='word_1_412' title='bbox 1895 4481 2053 4544; x_wconf 89' lang='lat' dir='ltr'>item</span> <span class='ocrx_word' id='word_1_413' title='bbox 2102 4502 2144 4543; x_wconf 93' lang='lat' dir='ltr'>a</span> <span class='ocrx_word' id='word_1_414' title='bbox 2190 4489 2468 4574; x_wconf 86' lang='lat' dir='ltr'>vectura</span> <span class='ocrx_word' id='word_1_415' title='bbox 2530 4480 3004 4562; x_wconf 86' lang='lat' dir='ltr'>premissorum</span> <span class='ocrx_word' id='word_1_416' title='bbox 3053 4481 3374 4554; x_wconf 89' lang='lat' dir='ltr'>omnium,</span> <span class='ocrx_word' id='word_1_417' title='bbox 3420 4480 3735 4543; x_wconf 84' lang='lat' dir='ltr'>videlicet</span> <span class='ocrx_word' id='word_1_418' title='bbox 3778 4480 4059 4560; x_wconf 86' lang='lat' dir='ltr'>piscium</span> <span class='ocrx_word' id='word_1_419' title='bbox 4106 4487 4179 4542; x_wconf 88' lang='lat' dir='ltr'>et</span> 
     </span>
     <span class='ocr_line' id='line_1_39' title="bbox 979 4571 4177 4671; baseline -0.001 -19"><span class='ocrx_word' id='word_1_420' title='bbox 979 4589 1260 4654; x_wconf 89' lang='lat' dir='ltr'>aliorum</span> <span class='ocrx_word' id='word_1_421' title='bbox 1309 4571 1698 4671; x_wconf 82' lang='lat' dir='ltr'>quorumuis</span> <span class='ocrx_word' id='word_1_422' title='bbox 1744 4587 2090 4662; x_wconf 87' lang='lat' dir='ltr'>factorum,</span> <span class='ocrx_word' id='word_1_423' title='bbox 2140 4598 2276 4651; x_wconf 90' lang='lat' dir='ltr'>tres</span> <span class='ocrx_word' id='word_1_424' title='bbox 2326 4607 2484 4650; x_wconf 89' lang='lat' dir='ltr'>mar.</span> <span class='ocrx_word' id='word_1_425' title='bbox 2531 4607 2685 4649; x_wconf 90' lang='lat' dir='ltr'>eum</span> <span class='ocrx_word' id='word_1_426' title='bbox 2738 4587 2905 4648; x_wconf 88' lang='lat' dir='ltr'>VIII</span> <span class='ocrx_word' id='word_1_427' title='bbox 2953 4596 3114 4650; x_wconf 89' lang='lat' dir='ltr'>scot.</span> <span class='ocrx_word' id='word_1_428' title='bbox 3182 4587 3340 4649; x_wconf 88' lang='lat' dir='ltr'>item</span> <span class='ocrx_word' id='word_1_429' title='bbox 3389 4608 3509 4669; x_wconf 89' lang='lat' dir='ltr'>pro</span> <span class='ocrx_word' id='word_1_430' title='bbox 3556 4587 3757 4670; x_wconf 85' lang='lat' dir='ltr'>lignis</span> <span class='ocrx_word' id='word_1_431' title='bbox 3803 4588 3891 4649; x_wconf 90' lang='lat' dir='ltr'>ad</span> <span class='ocrx_word' id='word_1_432' title='bbox 3936 4587 4177 4650; x_wconf 86' lang='lat' dir='ltr'>stacio-</span> 
     </span>
     <span class='ocr_line' id='line_1_40' title="bbox 980 4693 4176 4776; baseline -0.001 -17"><span class='ocrx_word' id='word_1_433' title='bbox 980 4714 1136 4759; x_wconf 87' lang='lat' dir='ltr'>nem</span> <span class='ocrx_word' id='word_1_434' title='bbox 1201 4695 1860 4760; x_wconf 84' lang='lat' dir='ltr'>Schlomniczensem</span> <span class='ocrx_word' id='word_1_435' title='bbox 1927 4695 1995 4758; x_wconf 92' lang='grc' dir='ltr'>ΙΙ</span> <span class='ocrx_word' id='word_1_436' title='bbox 2043 4715 2204 4758; x_wconf 87' lang='lat' dir='ltr'>mar.</span> <span class='ocrx_word' id='word_1_437' title='bbox 2279 4694 2438 4758; x_wconf 89' lang='lat' dir='ltr'>item</span> <span class='ocrx_word' id='word_1_438' title='bbox 2506 4714 2628 4776; x_wconf 89' lang='lat' dir='ltr'>pro</span> <span class='ocrx_word' id='word_1_439' title='bbox 2692 4693 2849 4756; x_wconf 90' lang='lat' dir='ltr'>feno</span> <span class='ocrx_word' id='word_1_440' title='bbox 2923 4696 3011 4757; x_wconf 91' lang='lat' dir='ltr'>ad</span> <span class='ocrx_word' id='word_1_441' title='bbox 3075 4694 3440 4758; x_wconf 86' lang='lat' dir='ltr'>stacionem</span> <span class='ocrx_word' id='word_1_442' title='bbox 3514 4694 4176 4758; x_wconf 77' lang='lat' dir='ltr'>Schlomniczensem</span> 
     </span>
     <span class='ocr_line' id='line_1_41' title="bbox 979 4803 1361 4867; baseline 0.003 -3"><span class='ocrx_word' id='word_1_443' title='bbox 979 4803 1153 4867; x_wconf 89' lang='lat' dir='ltr'>VIII</span> <span class='ocrx_word' id='word_1_444' title='bbox 1201 4823 1361 4866; x_wconf 89' lang='lat' dir='ltr'>mar.</span> 
     </span>
    </p>
   </div>
   <div class='ocr_carea' id='block_1_8' title="bbox 984 4893 4183 5082">
    <p class='ocr_par' dir='ltr' id='par_1_14' title="bbox 984 4893 4183 5082">
     <span class='ocr_line' id='line_1_42' title="bbox 987 4893 4183 4992; baseline -0 -19"><span class='ocrx_word' id='word_1_445' title='bbox 987 4943 1036 4948; x_wconf 92' lang='lat'>··</span> <span class='ocrx_word' id='word_1_446' title='bbox 1195 4893 1492 4974; x_wconf 85' lang='lat' dir='ltr'>Summa·</span> <span class='ocrx_word' id='word_1_447' title='bbox 1551 4909 1764 4973; x_wconf 89' lang='lat' dir='ltr'>tocius</span> <span class='ocrx_word' id='word_1_448' title='bbox 1829 4921 2190 4992; x_wconf 88' lang='lat' dir='ltr'>apparatus</span> <span class='ocrx_word' id='word_1_449' title='bbox 2252 4909 2627 4972; x_wconf 89' lang='lat' dir='ltr'>stacionum</span> <span class='ocrx_word' id='word_1_450' title='bbox 2694 4919 3133 4990; x_wconf 87' lang='lat' dir='ltr'>vtrarumque</span> <span class='ocrx_word' id='word_1_451' title='bbox 3198 4907 3357 4971; x_wconf 88' lang='lat' dir='ltr'>facit</span> <span class='ocrx_word' id='word_1_452' title='bbox 3419 4909 3855 4992; x_wconf 85' lang='lat' dir='ltr'>septuaginta</span> <span class='ocrx_word' id='word_1_453' title='bbox 3920 4929 4183 4972; x_wconf 85' lang='lat' dir='ltr'>marcas</span> 
     </span>
     <span class='ocr_line' id='line_1_43' title="bbox 984 5018 1332 5082; baseline -0.003 -1"><span class='ocrx_word' id='word_1_454' title='bbox 984 5018 1121 5081; x_wconf 95' lang='lat' dir='ltr'>VII</span> <span class='ocrx_word' id='word_1_455' title='bbox 1167 5029 1332 5082; x_wconf 84' lang='lat' dir='ltr'>scot.</span> 
     </span>
    </p>
   </div>
   <div class='ocr_carea' id='block_1_9' title="bbox 1038 5103 4181 5218">
    <p class='ocr_par' dir='ltr' id='par_1_15' title="bbox 1038 5103 4181 5218">
     <span class='ocr_line' id='line_1_44' title="bbox 1038 5103 4181 5218; baseline -0.002 -29"><span class='ocrx_word' id='word_1_456' title='bbox 1038 5139 1042 5144; x_wconf 84' lang='grc'><em>·</em></span> <span class='ocrx_word' id='word_1_457' title='bbox 1151 5124 1516 5218; x_wconf 80' lang='lat' dir='ltr'>·Sequitur</span> <span class='ocrx_word' id='word_1_458' title='bbox 1581 5105 1710 5218; x_wconf 81' lang='lat' dir='ltr'>alia</span> <span class='ocrx_word' id='word_1_459' title='bbox 1755 5123 1966 5187; x_wconf 89' lang='lat' dir='ltr'>stacio</span> <span class='ocrx_word' id='word_1_460' title='bbox 2029 5123 2298 5186; x_wconf 86' lang='lat' dir='ltr'>domine</span> <span class='ocrx_word' id='word_1_461' title='bbox 2367 5123 2642 5207; x_wconf 82' lang='lat' dir='ltr'>Regino</span> <span class='ocrx_word' id='word_1_462' title='bbox 2706 5103 2901 5185; x_wconf 87' lang='lat' dir='ltr'>simul</span> <span class='ocrx_word' id='word_1_463' title='bbox 2968 5143 3121 5186; x_wconf 91' lang='lat' dir='ltr'>cum</span> <span class='ocrx_word' id='word_1_464' title='bbox 3188 5122 3423 5186; x_wconf 88' lang='lat' dir='ltr'>queni</span> <span class='ocrx_word' id='word_1_465' title='bbox 3468 5132 3536 5185; x_wconf 86' lang='lat' dir='ltr'>et</span> <span class='ocrx_word' id='word_1_466' title='bbox 3580 5121 3845 5187; x_wconf 90' lang='lat' dir='ltr'>filiabus</span> <span class='ocrx_word' id='word_1_467' title='bbox 3892 5123 4181 5206; x_wconf 83' lang='lat' dir='ltr'>Regine,</span> 
     </span>
    </p>
   </div>
   <div class='ocr_carea' id='block_1_10' title="bbox 986 5228 4181 5421">
    <p class='ocr_par' dir='ltr' id='par_1_16' title="bbox 986 5228 4181 5421">
     <span class='ocr_line' id='line_1_45' title="bbox 986 5228 4181 5314; baseline -0.001 -18"><span class='ocrx_word' id='word_1_468' title='bbox 986 5232 1396 5296; x_wconf 89' lang='lat' dir='ltr'>venientium</span> <span class='ocrx_word' id='word_1_469' title='bbox 1444 5231 1836 5297; x_wconf 89' lang='lat' dir='ltr'>Cracouiam</span> <span class='ocrx_word' id='word_1_470' title='bbox 1885 5231 1970 5294; x_wconf 91' lang='lat' dir='ltr'>de</span> <span class='ocrx_word' id='word_1_471' title='bbox 2019 5229 2270 5314; x_wconf 69' lang='lat' dir='ltr'>Rylcza,</span> <span class='ocrx_word' id='word_1_472' title='bbox 2321 5232 2593 5312; x_wconf 89' lang='lat' dir='ltr'>quando</span> <span class='ocrx_word' id='word_1_473' title='bbox 2639 5228 2965 5294; x_wconf 88' lang='lat' dir='ltr'>conduxit</span> <span class='ocrx_word' id='word_1_474' title='bbox 3010 5230 3353 5294; x_wconf 90' lang='lat' dir='ltr'>dominum</span> <span class='ocrx_word' id='word_1_475' title='bbox 3404 5230 3683 5314; x_wconf 87' lang='lat' dir='ltr'>Regem</span> <span class='ocrx_word' id='word_1_476' title='bbox 3730 5250 3934 5312; x_wconf 89' lang='lat' dir='ltr'>super</span> <span class='ocrx_word' id='word_1_477' title='bbox 3978 5251 4181 5312; x_wconf 91' lang='lat' dir='ltr'>expe-</span> 
     </span>
     <span class='ocr_line' id='line_1_46' title="bbox 987 5337 2334 5421; baseline -0.003 -17"><span class='ocrx_word' id='word_1_478' title='bbox 987 5340 1318 5404; x_wconf 88' lang='lat' dir='ltr'>dicionem</span> <span class='ocrx_word' id='word_1_479' title='bbox 1367 5351 1436 5402; x_wconf 90' lang='lat' dir='ltr'>et</span> <span class='ocrx_word' id='word_1_480' title='bbox 1481 5338 1668 5402; x_wconf 88' lang='lat' dir='ltr'>venit</span> <span class='ocrx_word' id='word_1_481' title='bbox 1711 5359 1914 5421; x_wconf 89' lang='lat' dir='ltr'>super</span> <span class='ocrx_word' id='word_1_482' title='bbox 1960 5337 2334 5421; x_wconf 89' lang='lat' dir='ltr'>prandium.</span> 
     </span>
    </p>
   </div>
   <div class='ocr_carea' id='block_1_11' title="bbox 991 5444 4183 5636">
    <p class='ocr_par' dir='ltr' id='par_1_17' title="bbox 991 5444 4183 5636">
     <span class='ocr_line' id='line_1_47' title="bbox 1139 5444 4178 5528; baseline -0.001 -18"><span class='ocrx_word' id='word_1_483' title='bbox 1139 5501 1144 5504; x_wconf 97' lang='lat'>.</span> <span class='ocrx_word' id='word_1_484' title='bbox 1200 5447 1374 5511; x_wconf 89' lang='lat' dir='ltr'>Item</span> <span class='ocrx_word' id='word_1_485' title='bbox 1405 5447 1513 5510; x_wconf 90' lang='lat' dir='ltr'>die</span> <span class='ocrx_word' id='word_1_486' title='bbox 1542 5445 1879 5510; x_wconf 91' lang='lat' dir='ltr'>dominico</span> <span class='ocrx_word' id='word_1_487' title='bbox 1911 5445 2140 5509; x_wconf 87' lang='lat' dir='ltr'>Iudica</span> <span class='ocrx_word' id='word_1_488' title='bbox 2170 5446 2373 5528; x_wconf 79' lang='lat' dir='ltr'>(24s3)</span> <span class='ocrx_word' id='word_1_489' title='bbox 2394 5457 2462 5508; x_wconf 86' lang='lat' dir='ltr'>et</span> <span class='ocrx_word' id='word_1_490' title='bbox 2484 5449 2647 5527; x_wconf 89' lang='lat' dir='ltr'>(per)</span> <span class='ocrx_word' id='word_1_491' title='bbox 2669 5446 2955 5509; x_wconf 87' lang='lat' dir='ltr'>eandem</span> <span class='ocrx_word' id='word_1_492' title='bbox 2976 5456 3188 5509; x_wconf 88' lang='lat' dir='ltr'>totam</span> <span class='ocrx_word' id='word_1_493' title='bbox 3209 5445 3652 5527; x_wconf 86' lang='lat' dir='ltr'>septimanam</span> <span class='ocrx_word' id='word_1_494' title='bbox 3674 5444 4178 5527; x_wconf 88' lang='lat' dir='ltr'>quatuordecim</span> 
     </span>
     <span class='ocr_line' id='line_1_48' title="bbox 991 5551 4183 5636; baseline -0.002 -16"><span class='ocrx_word' id='word_1_495' title='bbox 991 5577 1154 5621; x_wconf 83' lang='lat' dir='ltr'>vasa</span> <span class='ocrx_word' id='word_1_496' title='bbox 1199 5555 1498 5630; x_wconf 86' lang='lat' dir='ltr'>ceruisie,</span> <span class='ocrx_word' id='word_1_497' title='bbox 1543 5554 1767 5618; x_wconf 87' lang='lat' dir='ltr'>omnia</span> <span class='ocrx_word' id='word_1_498' title='bbox 1814 5567 2203 5636; x_wconf 88' lang='lat' dir='ltr'>comparata</span> <span class='ocrx_word' id='word_1_499' title='bbox 2248 5552 2336 5615; x_wconf 89' lang='lat' dir='ltr'>de</span> <span class='ocrx_word' id='word_1_500' title='bbox 2383 5551 2783 5614; x_wconf 89' lang='lat' dir='ltr'>molendinis</span> <span class='ocrx_word' id='word_1_501' title='bbox 2837 5572 2960 5633; x_wconf 89' lang='lat' dir='ltr'>pro</span> <span class='ocrx_word' id='word_1_502' title='bbox 3007 5554 3269 5627; x_wconf 88' lang='lat' dir='ltr'>braze0,</span> <span class='ocrx_word' id='word_1_503' title='bbox 3335 5551 3493 5614; x_wconf 89' lang='lat' dir='ltr'>item</span> <span class='ocrx_word' id='word_1_504' title='bbox 3560 5553 3799 5614; x_wconf 87' lang='lat' dir='ltr'>eadem</span> <span class='ocrx_word' id='word_1_505' title='bbox 3847 5560 3991 5615; x_wconf 86' lang='lat' dir='ltr'>tota</span> <span class='ocrx_word' id='word_1_506' title='bbox 4033 5571 4183 5634; x_wconf 88' lang='lat' dir='ltr'>sep·</span> 
     </span>
    </p>
   </div>
  </div>
 </body>
</html>
