4592 6559
962 509 1083 564 422
1486 505 1864 568 REJESTRA
1912 505 2175 570 STACYJ
2226 507 2516 557 DWORU
2563 494 2830 556 KROLA
2879 508 2904 555 1
2955 495 3387 573 KROLOWEJ.
3449 516 3628 573 1413·

1179 704 1344 766 Item
1394 704 1639 766 familie
1686 705 1799 767 dni
1849 706 2068 788 Regis
2115 708 2201 768 ad
2248 708 2484 769 horam
2533 728 2696 770 cene
2744 707 2868 769 tria
2915 709 3202 771 octualia
3251 709 3567 790 (ceruisie)
3613 709 3896 792 propria.

1171 812 1345 874 Item
1375 811 1639 898 ,familie
1687 815 1819 875 dne
1866 813 2139 896 Regine
2186 816 2271 876 ad
2319 815 2550 877 horam
2601 835 2766 878 cene
2812 816 2950 878 duo
2997 815 3283 880 octualia
3329 816 3605 880 ceruisie
3651 817 3932 899 propria.

1173 917 1457 981 Summa
1502 920 1682 982 diete
1730 920 1909 983 XIII
1957 941 2117 984 mar.
2167 921 2312 983 XII
2360 923 2509 985 den.

1174 1025 1529 1090 Dominica
1576 1027 2040 1090 Reminiscere
2088 1028 2289 1110 (19s3)
2339 1030 2476 1091 dno
2525 1029 2711 1112 Regi
2757 1031 2842 1092 ad
2891 1030 3278 1111 prandium:
3342 1031 3500 1093 item
3550 1051 3671 1113 pro
3717 1031 4014 1113 piscibus
4060 1053 4162 1094 re-

960 1132 1263 1196 centibus
1315 1134 1379 1195 II
1428 1154 1588 1197 mar.
1636 1133 1813 1196 XIV
1859 1155 1948 1198 50.
1994 1136 2155 1198 item
2204 1156 2328 1217 pro
2375 1136 2666 1216 piscibus
2711 1137 2901 1200 siccis
2947 1137 3118 1198 VIII
3165 1159 3253 1200 se.
3318 1138 3477 1201 item
3543 1159 3664 1220 pro
3713 1140 3863 1201 oleo
3897 1139 4012 1201 -VI
4068 1159 4165 1202 sc.

960 1239 1067 1302 IX
1116 1241 1263 1304 den.
1311 1241 1469 1304 item
1517 1240 1617 1306 VI
1666 1242 1952 1305 octualia
1998 1243 2274 1306 ceruisie
2323 1244 2608 1325 propria.

1173 1349 1326 1411 Dne
1373 1349 1646 1434 Regine
1693 1352 1781 1412 ad
1827 1350 2214 1432 prandium:
2262 1351 2421 1414 item
2469 1372 2590 1434 pro
2637 1351 2928 1433 piscibus
2975 1353 3356 1415 recentibus
3402 1352 3435 1414 I
3483 1373 3640 1416 mar.
3681 1353 3823 1416 XV
3859 1373 3952 1417 sc.
3997 1354 4158 1416 item

958 1477 1081 1538 pro
1128 1458 1280 1520 oleo
1327 1457 1392 1518 V
1439 1478 1527 1521 sc.
1574 1458 1729 1520 item
1780 1459 1883 1520 III
1931 1459 2218 1522 octualia
2265 1459 2544 1522 ceruisie
2591 1459 2875 1541 propria.

1172 1563 1346 1627 Duci
1393 1563 1862 1648 Sigismundo:
1911 1566 2069 1628 item
2117 1585 2238 1647 pro
2286 1566 2578 1647 piscibus
2622 1567 3004 1629 recentibus
3049 1567 3152 1629 VI
3197 1589 3288 1630 50.
3333 1567 3490 1631 itern
3543 1589 3662 1650 pro
3710 1570 3860 1632 oleo
3908 1568 4017 1648 ΙΙ]2
4068 1589 4162 1632 50.

957 1672 1118 1734 item
1166 1691 1289 1753 pro
1336 1672 1581 1734 octuali
1629 1672 1904 1734 ceruisie
1951 1672 2088 1734 VII
2134 1694 2225 1736 50.

1173 1779 1347 1843 Duci
1396 1779 1854 1842 Feduschoni:
1903 1780 2059 1843 item
2107 1801 2230 1863 pro
2276 1782 2572 1862 piscibus
2617 1782 2996 1844 recentibus
3045 1783 3145 1845 VI
3189 1801 3279 1845 50.
3326 1783 3482 1845 item
3532 1803 3655 1864 pro
3701 1784 3850 1846 oleo
3896 1784 4006 1863 ΙΨ,
4067 1805 4161 1846 50.

959 1888 1116 1950 item
1168 1908 1289 1969 pro
1336 1887 1580 1949 octuali
1628 1887 1907 1950 ceruisie
1954 1887 2090 1950 VII
2136 1909 2226 1951 50.

1172 1994 1346 2057 Duci
1394 1994 1751 2056 Romano:
1800 1995 1957 2057 item
2006 2015 2127 2078 pro
2173 1995 2466 2077 piscibus
2512 1996 2894 2060 recentibus
2942 1997 3043 2060 III
3090 2018 3178 2060 50.
3225 1998 3384 2061 item
3423 2018 3546 2080 pro
3593 1999 3745 2062 oleo
3791 1999 3824 2060 Ι
3861 2019 3951 2061 50.
3996 1999 4160 2061 item

958 2124 1081 2185 pro
1139 2103 1201 2182 ¹·l2
1260 2103 1509 2165 octuali
1556 2103 1833 2165 ceruisie
1880 2102 1981 2166 III
2000 2103 2060 2182 Ἄ
2119 2123 2205 2166 sc.

1172 2210 1747 2274 Vicecancellario
1793 2210 2083 2293 Donyn:
2146 2212 2308 2274 item
2374 2232 2498 2293 pro
2543 2211 2834 2293 piscibus
2881 2212 3261 2276 recentibus
3311 2211 3410 2273 VI
3457 2233 3548 2276 sc.
3613 2212 3769 2276 item
3835 2233 3962 2294 pro
4006 2214 4166 2276 oleo

962 2319 991 2380 I
1038 2339 1129 2382 sc.
1174 2319 1333 2382 item
1380 2338 1504 2399 pro
1550 2318 1794 2380 octuali
1841 2318 2121 2382 ceruisie
2166 2319 2304 2381 VII
2351 2340 2464 2382 se.-

1175 2424 1865 2489 Vicemarschalconi:
1912 2425 2071 2488 item
2122 2447 2242 2506 pro
2290 2426 2584 2509 piscibus
2631 2426 3008 2490 recentibus
3055 2427 3156 2488 III
3203 2447 3291 2490 50.
3339 2427 3496 2490 item
3543 2448 3667 2509 pro
3713 2429 3864 2490 oleo
3908 2427 4018 2508 I¹l²
4060 2448 4162 2511 gr.

959 2533 1118 2595 item
1167 2553 1291 2614 pro
1350 2531 1410 2612 ¹1'2
1471 2533 1714 2595 octuali
1763 2532 2042 2596 ceruisie
2087 2532 2266 2614 111¹s2
2326 2555 2415 2596 50.

1174 2639 1792 2702 Vicethezaurario:
1841 2640 1998 2702 item
2048 2661 2169 2722 pro
2216 2639 2508 2722 piscibus
2555 2642 2933 2704 recentibus
2979 2640 3082 2704 VI
3126 2661 3216 2704 sc,
3263 2642 3423 2704 item
3469 2661 3594 2722 pro
3639 2641 3930 2723 piscibus
3966 2643 4164 2706 siccis

958 2747 1069 2830 ΙΙΙ,ἔ
1128 2768 1217 2810 50.
1266 2748 1425 2810 item
1476 2768 1597 2829 pro
1644 2749 1796 2809 oleo
1844 2748 1874 2810 I
1922 2767 2011 2810 sc.
2060 2747 2220 2810 item
2268 2768 2391 2830 pro
2439 2748 2686 2811 octuali
2733 2748 3010 2811 ceruisie
3058 2747 3195 2811 VII
3241 2768 3330 2812 sc.

1174 2855 1465 2917 Notariis
1512 2875 1664 2918 cum
1714 2855 2108 2936 capellanis:
2175 2856 2334 2918 item
2399 2877 2522 2938 pro
2587 2856 2878 2938 piscibus
2925 2856 3302 2920 recentibus
3349 2856 3417 2918 V
3463 2876 3552 2920 sc.
3617 2856 3774 2920 item
3840 2878 3962 2938 pro
4009 2859 4166 2920 oleo

959 2963 990 3024 I
1039 2982 1128 3024 50.
1175 2961 1335 3024 item
1382 2983 1506 3043 pro
1568 2963 1628 3042 ¹e'2
1689 2963 1935 3025 octuali
1980 2961 2258 3025 ceruisie
2307 2963 2486 3044 111¹s2
2543 2983 2634 3026 50.

1171 3069 1329 3131 Dno
1377 3067 1808 3133 Wolczconi:
1856 3069 2014 3132 item
2064 3090 2187 3151 pro
2233 3070 2526 3152 piscibus
2573 3071 2952 3134 recentibus
2999 3071 3100 3133 111
3137 3091 3228 3134 50.
3275 3071 3432 3135 item
3475 3093 3600 3154 pro
3627 3075 3780 3136 oleo
3808 3072 3841 3135 I
3869 3093 3970 3156 gr.
3999 3073 4162 3134 item

959 3197 1080 3259 pro
1138 3174 1211 3262 ¹s2
1262 3177 1510 3240 octuali
1554 3177 1834 3240 ceruisie
1880 3175 2070 3262 ΙΙΙἿ2
2120 3199 2206 3242 50.

1172 3281 1687 3368 Hoclzmagzktro
1732 3283 1977 3348 familie
2025 3285 2264 3367 ipsius:
2315 3287 2473 3349 item
2521 3307 2644 3368 pro
2689 3287 2982 3368 piscibus
3029 3285 3182 3371 ΙΙΙ]2
3233 3307 3320 3350 sc.
3388 3287 3546 3350 item
3611 3307 3734 3369 pro
3779 3288 3932 3350 oleo
3978 3286 4009 3347 I
4059 3307 4166 3370 gr.

1172 3392 1569 3454 Falconistis
1615 3392 1959 3454 omnibus:
2008 3393 2167 3456 item
2216 3414 2340 3475 pro
2387 3396 2680 3475 piscibus
2725 3394 3102 3457 recentibus
3149 3393 3292 3457 XII
3305 3391 3379 3479 ¹s2
3429 3415 3518 3458 sc.
3583 3395 3742 3457 item
3797 3414 3922 3476 pro
3966 3394 4164 3475 pisci-

956 3503 1084 3564 bus
1131 3500 1323 3564 siccis
1369 3498 1470 3562 III
1516 3520 1607 3562 50.
1654 3499 1813 3562 item
1860 3520 1982 3582 pro
2029 3501 2271 3563 octuali
2321 3501 2596 3564 ceruisie
2643 3501 2779 3563 VII
2827 3521 2916 3564 sc.
2963 3501 3121 3564 item
3169 3521 3292 3582 pro
3337 3502 3489 3564 oleo
3536 3501 3638 3564 III
3684 3521 3775 3565 sc.

1171 3607 1237 3667 V
1241 3607 1645 3681 enatoribuS,
1691 3607 2089 3689 cytharistiS,
2139 3608 2499 3689 pistoribus
2545 3628 2700 3671 curn
2747 3609 3058 3672 omnibus
3106 3609 3444 3672 Ruthenis
3509 3630 3631 3690 pro
3697 3608 3917 3672 diariis
3983 3609 4163 3690 ipso-

958 3735 1141 3777 rum:
1190 3715 1349 3776 item
1398 3735 1520 3796 pro
1566 3714 1859 3796 piscibus
1906 3715 2290 3778 recentibus
2337 3715 2484 3777 XX
2537 3735 2626 3778 50.
2673 3715 2830 3778 item
2881 3737 3002 3797 pro
3049 3715 3344 3797 piscibus
3390 3716 3584 3780 siccis
3627 3713 3818 3801 ΙΙΙῙΙ2
3857 3735 3950 3778 50.
3996 3715 4164 3778 item

959 3845 1080 3905 pro
1128 3825 1277 3885 oleo
1323 3821 1423 3883 IV
1472 3842 1559 3884 sc.
1609 3823 1767 3884 item
1814 3843 1935 3904 pro
1983 3823 2084 3884 III
2132 3824 2510 3886 octualibus
2549 3823 2832 3886 ceruisie
2881 3824 2967 3884 ad
3013 3821 3430 3898 effusionem,
3477 3823 3824 3905 quodlibet
3859 3843 3982 3905 per
4018 3821 4163 3884 VII

958 3941 1119 3994 scot.
1168 3930 1353 3993 XXI
1402 3930 1586 3992 scoti.

1172 4037 1331 4100 Dno
1378 4037 1563 4119 Regi
1612 4039 1698 4099 ad
1748 4057 2017 4099 cenam:
2068 4038 2227 4100 item
2275 4059 2398 4121 pro
2446 4037 2738 4119 piscibus
2783 4037 3164 4100 recentibus
3211 4037 3460 4101 XVIII
3507 4059 3595 4101 sc.
3649 4038 3812 4100 item
3855 4057 3983 4119 pro
4029 4037 4162 4119 pis-

959 4147 1147 4208 cibus
1195 4144 1387 4208 siccis
1434 4144 1537 4205 VI
1584 4164 1672 4206 50.
1721 4145 1879 4206 item
1928 4165 2050 4226 pro
2098 4147 2249 4207 olco
2298 4146 2399 4206 IV
2447 4167 2534 4209 sc.
2583 4147 2742 4209 item
2793 4144 2893 4207 IV
2941 4145 3230 4208 octualia
3277 4141 3592 4226 (cer'uisie)
3641 4144 3924 4227 propria„

1172 4253 1325 4314 Dne
1375 4251 1647 4334 Regine
1694 4253 1781 4314 ad
1828 4271 2099 4314 cenam:
2148 4253 2308 4314 item
2355 4274 2476 4335 pro
2522 4253 2814 4335 piscibus
2859 4253 3241 4316 recentibus
3279 4253 3456 4314 XIV
3503 4274 3595 4316 sc.
3649 4253 3810 4316 item
3857 4272 3982 4334 pro
4027 4251 4160 4334 pis-

959 4361 1147 4423 cibus
1194 4359 1387 4422 siccis
1432 4358 1533 4421 IV
1581 4380 1669 4422 50.
1717 4360 1876 4422 item
1924 4378 2045 4440 pro
2092 4361 2244 4422 oleo
2294 4360 2394 4422 III
2433 4381 2522 4423 sc,
2570 4361 2728 4423 item
2777 4360 2842 4422 II
2892 4361 3180 4422 octualia
3225 4361 3506 4423 ceruisie
3551 4361 3834 4442 propria.

1171 4465 1455 4543 Summa
1501 4466 1680 4529 diete
1728 4466 1907 4528 XIV
1956 4487 2114 4528 mar.

1174 4575 1369 4636 Feria
1416 4573 1481 4634 II
1532 4574 1672 4657 (zos
1675 4575 1733 4655 3)
1783 4575 1918 4636 dno
1966 4574 2154 4657 Regi
2201 4576 2286 4636 ad
2333 4575 2721 4656 prandium:
2780 4576 2938 4638 item
2985 4574 3148 4638 feria
3193 4594 3315 4657 pro
3361 4574 3654 4656 piscibus
3699 4573 4082 4637 recentibus
4127 4573 4160 4634 I

962 4703 1122 4746 mar.
1170 4681 1350 4743 XVI
1396 4701 1485 4744 sc.
1533 4681 1693 4744 item
1744 4702 1866 4763 pro
1914 4681 2206 4762 piscibus
2254 4681 2445 4744 siccis
2493 4681 2591 4744 VI
2639 4703 2728 4745 50.
2794 4683 2952 4744 item
3016 4703 3140 4765 pro
3195 4684 3348 4744 oleo
3396 4681 3496 4744 VI
3543 4701 3634 4744 50.
3696 4681 3854 4744 item
3918 4700 4044 4762 pro
4097 4679 4160 4741 V

958 4790 1333 4854 octualibus
1380 4787 1657 4851 ceruisie
1705 4788 1735 4849 I
1784 4808 1944 4850 mar.
1993 4789 2101 4850 XI
2147 4809 2237 4851 se.

1170 4897 1325 4958 Dne
1374 4896 1647 4979 Regine
1694 4897 1780 4958 ad
1828 4879 2216 4977 prandium:
2264 4897 2424 4959 item
2473 4916 2593 4977 pro
2642 4895 2932 4978 piscibus
2979 4897 3359 4961 recentibus
3416 4895 3534 4982 I¹l2
3585 4917 3746 4959 mar.
3808 4897 3969 4958 item
4035 4915 4161 4976 pro

958 5005 1109 5067 oleo
1158 5005 1223 5066 V
1270 5023 1359 5066 sc.
1407 5003 1567 5065 item
1615 5023 1737 5083 pro
1784 5003 1886 5065 III
1935 5003 2314 5066 octualibus
2359 5003 2636 5066 ceruisie
2684 5004 2868 5065 XXI
2916 5025 3007 5068 sc.

1172 5111 1347 5174 Duci
1396 5108 1865 5194 Sigismundo:
1932 5111 2092 5172 item
2160 5131 2280 5192 pro
2328 5111 2622 5192 piscibus
2666 5112 3048 5174 recentibus
3095 5111 3195 5174 VI
3243 5131 3330 5175 50.
3398 5113 3554 5175 item
3619 5133 3740 5194 pro
3789 5113 3939 5176 oleo
3987 5112 4018 5173 I
4065 5131 4160 5173 50.

958 5221 1116 5282 item
1164 5239 1286 5300 pro
1332 5219 1577 5282 octuali
1624 5219 1903 5281 ceruisie
1952 5217 2087 5280 VII
2135 5239 2225 5281 50.
2607 5226 2614 5234 ’

1171 5327 1343 5389 Duci
1395 5327 1857 5390 Feduschoni:
1922 5327 2083 5388 item
2150 5347 2270 5408 pro
2320 5327 2612 5409 piscibus
2659 5329 3036 5391 recentibus
3082 5328 3182 5389 VI
3229 5348 3318 5390 50.
3383 5329 3541 5391 item
3608 5348 3732 5410 pro
3777 5327 3930 5389 oleo
3987 5327 4020 5388 Ι
4065 5345 4161 5388 50.

957 5435 1115 5497 item
1164 5454 1285 5516 pro
1334 5435 1579 5497 octuali
1626 5434 1903 5497 ceruisie
1950 5433 2087 5497 VII
2132 5455 2223 5498 50.

1170 5541 1345 5618 Duci
1394 5541 1752 5604 Romano:
1801 5542 1957 5604 item
2006 5561 2130 5623 pro
2176 5541 2470 5623 piscibus
2517 5543 2896 5606 recentibus
2943 5541 3047 5604 III
3095 5563 3182 5606 sc.
3249 5543 3406 5606 item
3473 5563 3595 5626 pro
3659 5545 3812 5606 oleo
3877 5541 3999 5628 I¹l2
4057 5563 4160 5626 gr.

956 5651 1113 5713 item
1160 5670 1283 5733 pro
1336 5647 1412 5736 Ἀ
1464 5649 1709 5712 octuali
1758 5649 2033 5712 ceruisie
2080 5646 2268 5736 111¹s2
2319 5669 2408 5712 se.
