4592 6559
969 523 1095 570 210
1747 517 2128 587 REJESTRA
2179 519 2763 572 PODSKARBIEGO
2812 519 3142 573 HINCZKI.
3204 527 3383 591 1394.

965 726 1150 788 nicas
1197 725 1541 787 venaticas
1587 725 1723 786 dno
1771 724 1976 808 Regi,
2045 724 2415 806 quamlibet
2474 726 2699 786 vlnam
2766 745 2887 806 per
2933 724 3067 787 VII
3116 745 3204 788 sc.
3271 725 3670 808 recipiendo,
3739 745 4003 790 summa
4060 725 4159 789 IV

967 853 1167 896 mare.
1216 831 1282 894 II
1329 852 1418 895 se.

963 940 1120 1004 item
1168 959 1291 1021 pro
1339 959 1568 1002 rasura
1616 939 1918 1004 eiusdem
1965 938 2170 1020 panni
2217 938 2399 1018 111¹ss
2460 959 2558 1021 gr.

965 1049 1124 1111 item
1172 1067 1294 1136 pro
1344 1046 1410 1108 ΙΙ
1455 1046 1640 1109 libris
1688 1044 2177 1109 cariofollorum
2226 1046 2581 1108 missorum
2622 1047 2758 1109 dno
2807 1047 2993 1130 Regi
3040 1048 3103 1108 in
3144 1046 3531 1112 Radoszt'cze
3568 1049 3600 1112 Ι
3638 1070 3838 1114 marc.
3878 1050 3978 1113 III
4016 1050 4163 1114 fert.

966 1156 1126 1218 item
1174 1176 1296 1238 pro
1342 1154 1409 1216 II
1455 1155 1640 1217 libris
1687 1153 1968 1216 muscati
2017 1153 2200 1216 missi
2245 1153 2493 1216 ibidem
2544 1154 2609 1215 in
2658 1152 3045 1217 Radoszicze
3089 1155 3275 1217 XIX
3324 1176 3414 1218 sc.

964 1266 1124 1329 item
1172 1284 1294 1346 pro
1341 1263 1408 1325 II
1456 1263 1640 1325 libris
1687 1261 2056 1345 zynziberis
2101 1260 2350 1323 ibidem
2398 1261 2585 1324 missi
2634 1259 2700 1322 II
2750 1281 2949 1324 mare.
2998 1261 3098 1324 III
3145 1261 3288 1325 fert.

964 1373 1124 1436 item
1172 1392 1294 1453 pro
1341 1369 1638 1432 saccellis
1685 1369 1999 1450 predictis
2062 1368 2417 1449 speciebus
2483 1378 2552 1431 et
2615 1368 2825 1451 piperi
2874 1371 2959 1432 de
3006 1371 3326 1433 thezauro
3390 1373 3652 1453 recepti,
3722 1373 3901 1436 missi
3948 1375 4158 1437 eciam

964 1481 1210 1543 ibidem
1258 1479 1325 1540 in
1373 1475 1756 1540 Radoszz'cze
1802 1476 1938 1538 VII
1986 1496 2085 1559 gr.

965 1587 1124 1651 item
1171 1607 1294 1668 pro
1341 1584 1408 1648 II
1455 1583 1680 1647 barilis
1727 1583 1863 1645 vini
1910 1582 2234 1666 Vngarici
2280 1581 2462 1645 missi
2509 1583 2755 1664 ibidem
2795 1583 2939 1664 ΙΙῑβ,Ξ
3000 1605 3199 1648 marc,

965 1695 1123 1758 item
1172 1713 1295 1775 pro
1341 1692 1407 1754 II
1455 1692 1680 1755 barilis
1726 1690 1861 1752 vini
1927 1689 2264 1752 Australis
2332 1690 2577 1753 ibidem
2640 1691 2709 1753 in
2775 1690 3193 1755 Radosszz'cze
3238 1693 3419 1756 missi
3468 1693 3570 1756 III
3619 1715 3819 1758 marc,
3865 1696 3967 1759 III
4015 1696 4163 1762 fert.

964 1802 1123 1864 item
1173 1821 1294 1883 pro
1342 1799 1444 1862 III
1492 1798 1664 1861 vlnis
1711 1797 1912 1882 grisei
1977 1807 2046 1860 et
2091 1797 2192 1860 III
2241 1797 2415 1881 nigri
2467 1795 2795 1881 pokoczz'n‚
2860 1799 3071 1863 eciam
3121 1800 3303 1863 missi
3367 1801 3609 1864 ibidem
3661 1802 3724 1865 in
3773 1801 4159 1887 Radossyce,

965 1908 1348 1990 recipiendo
1398 1907 1624 1968 vlnam
1671 1925 1792 1988 per
1836 1905 1938 1966 VI
1987 1925 2085 1988 gr.
2133 1925 2399 1968 summa
2448 1903 2549 1966 III
2598 1903 2741 1968 fert.

965 2017 1121 2078 item
1169 2035 1291 2097 pro
1338 2014 1406 2077 II
1452 2013 1626 2076 vlnis
1671 2009 1859 2076 taffte
1905 2011 2095 2094 nigre
2143 2021 2210 2075 et
2257 2011 2476 2096 griseo
2542 2012 2741 2074 misse
2788 2012 3052 2086 ibidem,
3100 2015 3482 2098 recipiendo
3550 2018 3773 2079 vlnam
3822 2037 3944 2098 per
3989 2017 4159 2081 VIII

964 2145 1051 2188 sc,
1099 2143 1362 2188 summa
1407 2120 1585 2184 XVI
1633 2139 1721 2182 sc.

1177 2229 1461 2294 Summa
1507 2227 1720 2289 XVII
1766 2247 1966 2290 mare.
2012 2227 2045 2290 I
2089 2225 2237 2290 fert.
2295 2227 2359 2308 ¹s2
2418 2244 2517 2309 gr.

1178 2339 1348 2400 Item
1396 2356 1516 2418 pro
1564 2335 1813 2398 crebris
1859 2334 2052 2398 dictis
2097 2333 2318 2418 szytha
2366 2336 2450 2397 ad
2497 2335 2925 2417 purgandum
2974 2335 3231 2417 species
3280 2336 3347 2399 ΙΙ
3393 2356 3483 2399 se.

964 2446 1123 2509 item
1171 2465 1292 2526 pro
1354 2443 1414 2524 Ἀ
1473 2443 1644 2506 libra
1690 2441 1881 2505 serici
1945 2441 2245 2504 omnium
2313 2443 2609 2503 colorum
2678 2443 2761 2504 ad
2824 2440 3101 2514 francos
3164 2444 3346 2524 pallii
3409 2439 3635 2507 altaris
3700 2445 3881 2509 missi
3948 2448 4159 2511 eciam

962 2553 1207 2617 ibidem
1255 2551 1322 2614 in
1371 2547 1789 2614 Radosszz‘cze
1833 2549 1900 2610 II
1949 2568 2146 2610 mare.
2194 2549 2298 2610 III
2346 2547 2489 2612 fert.

962 2660 1120 2722 item
1169 2679 1290 2741 pro
1337 2658 1370 2720 I
1417 2659 1561 2724 loro
1607 2677 1787 2720 nouo
1834 2656 2012 2718 dicto
2059 2653 2447 2728 wandzidla,
2497 2657 2583 2719 ad
2630 2655 2891 2718 frenum
2937 2656 3051 2719 dni
3101 2657 3321 2740 Regis
3367 2656 3503 2720 VII
3551 2679 3641 2722 sc,

964 2768 1122 2831 item
1169 2787 1293 2849 pro
1340 2766 1406 2828 II
1455 2763 1782 2828 mensuris
1827 2762 2037 2826 farine
2085 2763 2341 2826 triticee
2390 2762 2589 2824 misse
2636 2762 2881 2826 ibidem
2920 2765 3055 2825 dno
3104 2764 3289 2846 Regi
3338 2764 3401 2826 in
3450 2765 3870 2830 Radossziczc
3913 2771 4163 2851 pariter

965 2895 1117 2938 cum
1167 2893 1364 2937 sacco
1414 2873 1446 2934 Ι
1492 2892 1694 2935 mare.

965 2983 1122 3046 item
1170 3001 1295 3063 pro
1339 2979 1602 3062 pellicio
1655 2978 2088 3041 Hannussoni
2145 2977 2553 3042 cubiculario
2617 2979 2727 3040 dni
2797 2978 3018 3061 Regis
3082 2981 3169 3042 ad
3234 2980 3490 3042 literam
3539 2981 3743 3062 ipsius
3790 2983 3899 3062 I¹f2
3960 3004 4159 3048 mare.

964 3091 1124 3152 item
1171 3109 1292 3171 pro
1339 3089 1505 3150 sella
1551 3107 1702 3150 cum
1752 3085 2124 3148 attinenciis
2181 3085 2557 3148 Manziconi
2623 3085 3031 3149 cubiculario
3096 3087 3209 3148 dni
3276 3087 3495 3169 Regis
3561 3090 3647 3151 ad
3710 3090 3970 3153 literam
4020 3092 4162 3154 eius

978 3197 1040 3279 ¹1'2
1100 3216 1298 3260 mare.

963 3305 1123 3367 item
1173 3325 1294 3386 pro
1340 3301 1821 3365 reformacione
1871 3301 2109 3364 baliste
2157 3301 2270 3364 dni
2320 3299 2539 3381 Regis
2586 3299 2758 3362 VIII
2804 3320 2893 3363 se.

965 3413 1120 3475 item
1169 3433 1290 3495 pro
1335 3410 1513 3474 futro
1561 3411 1648 3472 ad
1695 3409 1981 3472 eandem
2029 3408 2335 3470 balistam
2386 3407 2487 3470 VI
2535 3428 2633 3490 gr.

965 3521 1122 3584 item
1170 3539 1294 3601 pro
1339 3519 1406 3580 II
1454 3517 1786 3600 lapidibus
1833 3516 2208 3598 smigmatis
2252 3515 2499 3579 ibidem
2548 3516 2612 3577 in
2662 3513 3077 3578 Radosszz‘cze
3123 3517 3338 3579 missis
3385 3517 3529 3580 XV
3544 3519 3605 3599 ¹¹12
3666 3540 3753 3584 se.

965 3628 1122 3690 item
1170 3648 1292 3709 pro
1339 3626 1414 3687 X
1460 3625 1722 3707 sagittis
1769 3623 1960 3686 dictis
2007 3621 2309 3694 wz'dlz'cze,
2369 3623 2585 3684 missis
2649 3624 2787 3684 dno
2854 3623 3039 3706 Regi
3105 3623 3351 3686 ibidem
3400 3625 3464 3688 in
3514 3625 3904 3690 Radossz'cze
3949 3629 4022 3690 X
4068 3651 4158 3693 sc,

964 3735 1122 3796 item
1170 3754 1294 3815 pro
1341 3733 1560 3795 resina
1607 3733 1784 3795 dicta
1831 3751 1970 3794 ma:
2016 3732 2105 3793 ad
2149 3750 2387 3792 currus
2432 3731 2711 3813 regales,
2760 3741 3028 3811 recepta
3074 3731 3318 3793 ibidem
3369 3733 3432 3793 in
3483 3731 3903 3798 Radosszt'cze
3948 3736 4019 3797 X
4066 3757 4158 3799 so.

1178 3840 1461 3905 Summa
1506 3839 1678 3901 VIII
1729 3858 1926 3901 mare.
1974 3837 2075 3899 ΙΙΙ
2123 3857 2224 3920 gr.

1179 3947 1350 4010 Item
1397 3967 1520 4028 pro
1567 3946 1784 4007 cordis
1831 3945 2024 4008 dictis
2060 3943 2421 4028 postronkt'
2454 3943 2671 4006 missis
2716 3944 2961 4006 ibidem
3010 3945 3077 4006 in
3125 3943 3510 4008 Radossz'cze
3555 3946 3690 4008 VII
3740 3967 3829 4012 se.

963 4056 1121 4118 item
1169 4075 1291 4137 pro
1337 4053 1820 4117 reformacione
1865 4051 2199 4114 frenorum
2251 4052 2577 4134 regalium
2628 4052 2657 4112 I
2706 4050 2847 4114 fert.

964 4163 1125 4226 item
1174 4182 1294 4245 pro
1342 4163 1374 4224 Ι
1421 4161 1659 4225 cistula
1705 4181 1882 4222 noua
1927 4168 1996 4221 et
2041 4158 2523 4220 reformacione
2572 4159 2841 4220 alterius
2887 4157 3160 4240 antique
3210 4159 3280 4221 X
3330 4180 3427 4243 gr.

965 4271 1123 4333 item
1173 4290 1296 4351 pro
1343 4269 1374 4331 Ι
1422 4268 1698 4331 vasculo
1745 4287 1900 4329 ereo
1948 4267 2034 4328 ad
2081 4267 2457 4347 parandum
2530 4267 2902 4348 bythumen
2950 4266 3153 4328 misso
3200 4269 3333 4329 dno
3382 4268 3563 4350 Regi
3612 4267 3857 4331 ibidem
3906 4271 3971 4331 in
4020 4269 4159 4333 Ra-

967 4375 1269 4439 dosszz‘cze
1315 4375 1486 4438 VIII
1535 4397 1635 4458 gr.

963 4486 1120 4547 item
1171 4505 1292 4565 pro
1339 4485 1471 4545 tela
1519 4503 1758 4566 grossa
1806 4483 1890 4544 ad
1937 4500 2168 4543 saccos
2217 4491 2284 4542 et
2331 4482 2417 4543 ad
2466 4482 2953 4562 creptuchones
3002 4490 3070 4542 et
3115 4483 3625 4544 subducendum
3672 4493 3967 4546 tecturas
4012 4504 4158 4546 cur-

962 4611 1158 4655 ruum
1205 4591 1533 4674 regalium
1597 4590 1658 4668 3²2
1718 4609 1919 4650 marc,

963 4699 1122 4762 item
1169 4718 1292 4780 pro
1337 4697 1740 4759 consucione
1787 4716 2132 4758 saccorum
2181 4707 2249 4758 et
2295 4697 2824 4777 creptuchonum
2873 4696 3321 4777 predictorum
3368 4696 3479 4759 IX
3526 4717 3623 4779 gr.

964 4807 1122 4868 item
1169 4826 1292 4887 pro
1340 4804 1442 4867 III
1490 4805 1683 4868 nouis
1728 4803 1930 4865 frenis
1977 4803 2149 4866 datis
2197 4803 2582 4866 vectoribus
2650 4804 2948 4866 thezauri
3013 4804 3098 4866 ad
3145 4804 3321 4866 viam
3372 4803 3741 4885 predictam
3789 4804 3853 4865 in
3902 4804 4159 4869 Rados-

962 4913 1152 4976 szz'cze
1199 4913 1228 4974 I
1277 4911 1419 4974 fert.

963 5021 1123 5083 item
1169 5040 1293 5102 pro
1341 5019 1406 5081 II
1453 5017 1724 5100 paribus
1770 5029 2146 5099 streparum
2194 5026 2260 5080 et
2310 5018 2376 5079 II
2424 5018 2696 5099 paribus
2762 5019 3117 5080 calcarium
3186 5018 3537 5080 missorum
3607 5018 3853 5082 ibidem
3899 5020 3965 5082 in
4014 5021 4155 5083 Ra-

966 5126 1267 5189 dosszicze
1313 5127 1384 5188 X
1432 5147 1521 5189 sc.

963 5235 1121 5298 item
1171 5233 1552 5296 vectoribus
1598 5232 1814 5295 missis
1860 5253 2012 5296 cum
2062 5233 2376 5314 predictis
2424 5234 2625 5294 rebus
2671 5233 2735 5294 in
2786 5230 3176 5295 Radosszz'ce
3219 5253 3343 5314 pro
3390 5232 3705 5314 expensis
3752 5234 3785 5297 I
3832 5253 4029 5298 mare.
4144 5233 4151 5239 ’

961 5342 1120 5403 item
1169 5339 1305 5402 VII
1371 5340 1754 5402 vectoribus
1816 5340 2156 5422 regalibus
2220 5361 2344 5422 pro
2408 5341 2675 5401 sallario
2740 5340 3033 5422 ipsorum
3100 5341 3186 5402 de
3253 5339 3563 5421 Quatuor
3624 5341 4041 5423 temporibus
4104 5363 4156 5405 S.

961 5447 1193 5512 Crucis
1239 5448 1545 5529 proxime
1590 5447 1936 5528 preteritiS,
1985 5448 2209 5509 dando
2256 5447 2526 5510 cuilibet
2571 5467 2694 5528 per
2741 5446 2774 5508 I
2820 5445 2966 5509 fert.
3013 5465 3279 5509 summa
3322 5445 3479 5510 facit
3523 5446 3660 5508 VII
3707 5446 3854 5510 fert.

959 5554 1119 5618 item
1166 5563 1410 5616 octauo
1455 5554 1711 5618 vectori
1757 5553 1936 5616 dicto
1983 5553 2428 5628 Marschalek‚
2476 5554 2719 5618 seniori
2764 5554 3057 5636 ipsorum
3108 5553 3374 5618 racione
3420 5555 3521 5618 sui
3567 5554 3791 5618 sallari
3842 5555 3905 5635 ¹l2
3953 5575 4159 5620 mare.

1174 5660 1458 5724 Summa
1502 5661 1646 5742 V¹l2
1707 5681 1906 5724 marc.
1953 5660 1988 5724 I
2035 5681 2132 5744 gr.
