4592 6559
1025 511 1154 571 310
1549 506 1928 573 REJESTRA
1977 505 2238 574 STACYJ
2285 508 2577 559 DWORU
2624 495 2895 559 KROLA
2940 508 2967 557 1
3016 495 3455 573 KROLOWEJ.
3510 515 3693 575 1405·

1235 710 1406 771 Item
1455 712 1592 773 dno
1632 710 1818 793 Regi
1863 713 1951 775 ad
1997 730 2270 773 cenam:
2319 711 2479 773 item
2528 730 2649 792 pro
2697 711 2728 773 I
2775 711 2955 773 boue
3003 710 3216 773 XVII
3263 710 3451 783 scoti,
3516 710 3671 773 item
3740 730 3865 792 pro
3910 709 3979 771 II
4026 728 4220 791 quar·

1021 816 1264 879 talibus
1309 817 1619 879 carnibus
1669 817 1804 880 VII
1851 818 2036 891 scoti,
2102 817 2259 880 item
2328 838 2451 900 pro
2511 818 2641 880 LX
2706 817 2906 899 pullis
2952 818 3093 880 XV
3142 818 3327 890 scoti,
3392 818 3549 880 item
3615 838 3739 899 pro
3789 816 3855 878 II
3902 816 4221 879 arietibus

1019 923 1187 986 VIII
1236 924 1421 997 scoti,
1468 924 1624 987 item
1675 944 1796 1006 pro
1845 924 1944 987 IV
1993 924 2174 987 aucis
2221 925 2286 987 II
2335 925 2519 997 scoti,
2566 925 2725 986 item
2775 944 2898 1007 pro
2944 924 3013 987 11
3060 924 3271 988 centis
3316 945 3619 987 oworum
3672 924 3771 986 III
3819 923 4006 996 scoti,
4054 924 4215 985 item

1019 1050 1140 1111 pro
1187 1031 1336 1093 XX
1385 1032 1596 1093 caseis
1643 1032 1786 1111 111]ὶξ
1846 1032 2029 1104 scoti,
2095 1031 2252 1093 item
2302 1053 2424 1113 pro
2469 1033 2502 1094 I
2550 1033 2683 1095 olla
2729 1031 2928 1094 butiri
2973 1032 3038 1093 V
3086 1031 3269 1105 scoti,
3318 1032 3475 1094 item
3526 1031 3623 1093 VI
3674 1051 4029 1113 cappones
4076 1030 4218 1113 qui-

1019 1136 1182 1199 libet
1245 1157 1475 1200 eorum
1526 1158 1646 1220 ρετ·
1693 1138 1802 1219 1¹!2
1863 1158 1962 1221 gr.
2028 1137 2184 1201 facit
2244 1138 2343 1200 IV
2391 1140 2558 1202 scoti
2605 1139 2636 1201 I
2684 1160 2784 1223 gr.
2848 1139 3007 1202 item
3075 1160 3195 1220 pro
3260 1140 3433 1203 lacte
3498 1148 3565 1201 et
3610 1158 3838 1201 crema
3883 1138 3985 1200 III
4032 1137 4218 1209 scoti,

1016 1242 1172 1307 item
1223 1264 1343 1326 pro
1392 1245 1456 1307 II
1504 1244 1766 1329 sugillis
1814 1246 1920 1325 I¹s¹2
1979 1246 2162 1319 scoti,
2211 1246 2371 1308 item
2411 1267 2531 1327 pro
2570 1247 2601 1308 I
2640 1266 2851 1328 perna
2888 1245 3057 1309 lardi
3096 1246 3232 1309 VII
3269 1246 3453 1319 scoti,
3490 1246 3649 1309 item
3688 1265 3811 1327 pro
3851 1244 3950 1307 VI
3990 1248 4216 1308 octua-

1015 1350 1189 1414 libus
1235 1352 1529 1426 ceruisie,
1575 1353 1924 1435 quodlibet
1969 1355 2234 1417 octuale
2281 1373 2402 1435 per
2448 1354 2547 1415 VI
2596 1366 2755 1417 scot.
2804 1354 3000 1415 Noue
3048 1352 3346 1425 ciuitatiS,
3396 1351 3503 1431 ΙΙΙ2
3564 1372 3725 1415 mar.

1229 1460 1400 1522 Item
1448 1462 1582 1523 dne
1630 1460 1903 1545 Regine
1950 1463 2037 1523 ad
2093 1480 2365 1524 cenam:
2431 1460 2593 1522 item
2641 1480 2763 1544 pro
2811 1460 2912 1522 III
2960 1459 3374 1542 qual-talibus
3440 1459 3753 1522 carnibus
3800 1458 3979 1521 XIII
4000 1482 4005 1491 ·
4026 1458 4215 1532 scoti,

1014 1566 1172 1630 item
1218 1587 1340 1650 pro
1389 1568 1532 1629 XV
1578 1569 1776 1651 pullis
1841 1569 1915 1631 X
1979 1569 2164 1641 scoti,
2230 1568 2386 1631 item
2455 1588 2578 1650 pro
2643 1568 2960 1631 arietibus
3005 1565 3142 1629 VII
3200 1566 3385 1639 scoti,
3452 1566 3607 1629 item
3665 1586 3789 1648 pro
3836 1566 3905 1628 II
3951 1566 4137 1629 aucis
4166 1567 4213 1629 ·I

1013 1685 1176 1737 scot.
1222 1674 1381 1737 item
1431 1696 1552 1757 pro
1601 1674 1667 1737 II
1713 1676 1971 1759 sugillis
2021 1676 2083 1738 II
2131 1676 2315 1748 scoti,
2380 1676 2542 1738 item
2609 1695 2729 1756 pro
2794 1676 2967 1737 lacte
3014 1687 3083 1736 et
3130 1694 3357 1737 crema
3403 1674 3506 1736 III
3550 1673 3735 1747 scoti,
3784 1673 3941 1735 item
3989 1694 4112 1755 pro
4160 1673 4213 1737 C

1013 1790 1316 1844 oworum
1364 1782 1472 1861 I¹l2
1531 1792 1693 1845 scot.
1760 1784 1919 1845 item
1969 1802 2094 1865 pro
2141 1783 2172 1845 I
2220 1784 2354 1846 olla
2402 1782 2603 1845 butiri
2650 1780 2749 1844 IV
2798 1782 2981 1850 scoti.
3048 1782 3205 1843 item
3271 1802 3394 1863 pro
3459 1781 3620 1863 piris
3682 1791 3751 1844 et
3795 1781 4014 1862 pomis
4058 1781 4201 1863 1111,

1009 1888 1195 1963 scoti,
1247 1889 1402 1951 item
1450 1908 1573 1970 pro
1623 1889 1687 1951 II
1737 1891 2112 1953 octualibus
2159 1890 2437 1953 ceruisie
2485 1890 2679 1953 Noue
2726 1888 3011 1952 ciuitatis
3057 1910 3177 1971 per
3223 1888 3323 1951 VI
3372 1900 3536 1951 scot.
3586 1888 3730 1952 XII
3776 1889 3963 1951 scoti.

1223 1994 1505 2060 Summa
1552 1996 1727 2059 diete
1775 1998 1995 2060 XXII
2043 2018 2202 2061 mar.
2251 1997 2498 2060 XVIII
2546 1997 2733 2061 scoti.

1225 2100 1416 2166 Item'
1444 2102 1609 2166 feria
1655 2104 1757 2166 IV
1805 2105 2004 2187 (26s8)
2052 2107 2188 2167 dno
2237 2104 2425 2189 Regi
2493 2106 2579 2166 ad
2624 2104 3013 2186 prandium:
3080 2104 3237 2165 item
3304 2123 3426 2185 pro
3492 2103 3785 2185 piscibus
3830 2102 4210 2166 recentibus

1009 2224 1076 2275 et
1123 2212 1287 2274 alios
1333 2212 1639 2293 proprios
1683 2212 2056 2285 habuimus,
2105 2212 2213 2291 Ιῐί,ξ
2275 2232 2435 2275 mar.
2482 2212 2641 2275 item
2691 2232 2814 2293 pro
2861 2210 2961 2273 IV
3010 2210 3231 2273 choris
3276 2212 3360 2273 de
3406 2211 3683 2284 cancriS,
3728 2210 4008 2295 quilibet
4052 2212 4209 2271 cho-

1007 2340 1118 2381 rus
1163 2338 1284 2401 per
1330 2318 1395 2379 V
1444 2340 1544 2403 gr.
1592 2318 1749 2382 facit
1793 2319 1868 2381 X
1915 2338 2003 2382 se.
2052 2320 2214 2381 item
2259 2340 2381 2401 pro
2430 2318 2531 2382 IV
2578 2319 2945 2402 sexagenis
2992 2318 3271 2400 piscium
3318 2318 3650 2380 dictorum
3696 2316 4040 2401 stracfusz,
4089 2337 4209 2398 per

1007 2426 1107 2488 III
1156 2436 1316 2489 scot.
1364 2428 1661 2508 quelibet
1705 2446 1939 2509 sexag.
1986 2425 2144 2491 facit
2191 2428 2334 2489 XII
2382 2437 2542 2490 scot.
2601 2427 2760 2488 item
2810 2447 2932 2508 pro
2979 2425 3209 2489 VIIIC
3274 2445 3596 2499 oworum,
3662 2424 4010 2508 quodlibet
4057 2444 4207 2487 cen-

1003 2544 1145 2595 tum
1194 2554 1316 2614 per
1363 2534 1462 2596 III
1502 2554 1600 2617 gr.
1641 2535 2112 2615 comparandO,
2159 2533 2304 2595 XII
2352 2534 2539 2607 scoti,
2587 2534 2747 2597 item
2796 2554 2917 2615 pro
2966 2533 3031 2595 II
3080 2553 3313 2616 sexag.
3361 2552 3710 2595 caseorum
3748 2552 3870 2613 per
3908 2530 4008 2593 VI
4046 2542 4206 2595 scot.

1003 2660 1236 2725 sexag.
1285 2641 1429 2703 XII
1477 2640 1660 2714 scoti,
1729 2642 1886 2703 item
1934 2661 2058 2722 pro
2104 2640 2204 2702 IV
2255 2642 2403 2704 ollis
2449 2642 2651 2703 butiri
2698 2641 2805 2702 XI
2856 2642 3040 2713 scoti,
3105 2640 3263 2703 item
3331 2660 3453 2722 pro
3500 2642 3673 2703 lacte
3720 2648 3789 2701 et
3834 2658 4059 2701 crema
4105 2638 4172 2697 V
4174 2639 4205 2700 I

1001 2748 1185 2823 scoti,
1233 2747 1391 2810 item
1440 2768 1562 2829 pro
1611 2746 1710 2809 VI
1757 2747 2133 2811 octualibus
2181 2748 2475 2821 ceruisie,
2543 2748 2889 2829 quodlibet
2954 2749 3219 2810 octuale
3282 2768 3402 2830 per
3450 2746 3549 2808 VI
3595 2757 3759 2809 scot.
3808 2745 4003 2809 Noue
4049 2746 4205 2809 ciui·

1001 2854 1174 2927 tatis,
1216 2854 1322 2934 I¹l2
1372 2875 1533 2917 mar.

1215 2962 1386 3025 Item
1433 2964 1564 3025 dne
1614 2962 1884 3045 Regine
1950 2964 2035 3025 ad
2082 2963 2471 3044 prandium:
2535 2964 2695 3026 item
2761 2983 2885 3044 pro
2950 2962 3242 3045 piscibus
3304 2961 3682 3025 recentibus
3750 2962 3968 3025 XXII
4015 2962 4203 3036 scoti,

992 3070 1151 3133 item
1201 3089 1321 3152 pro
1369 3070 1433 3131 II
1483 3090 1718 3153 sexag.
1765 3069 2046 3151 piscium
2097 3070 2425 3132 dictorum
2473 3069 2801 3153 stracfusz
2844 3090 2967 3151 per
3012 3069 3113 3132 III
3162 3090 3249 3131 sc,
3298 3068 3399 3131 VI
3446 3090 3533 3132 sc.
3583 3069 3741 3131 item
3781 3089 3904 3150 pro
3942 3070 4009 3132 II
4046 3071 4202 3133 cho-

994 3177 1083 3239 ris
1128 3178 1214 3240 de
1263 3178 1519 3240 cancris
1565 3177 1630 3237 V
1679 3178 1863 3251 scoti,
1929 3178 2086 3239 item
2154 3198 2276 3258 pro
2330 3177 2480 3240 VIC
2552 3198 2857 3241 oworum
2926 3177 3032 3239 IX
3082 3178 3265 3250 scoti,
3334 3179 3493 3239 item
3560 3198 3683 3258 pro
3731 3177 3762 3239 I
3810 3197 4045 3261 sexag.
4092 3198 4201 3241 ca-

993 3304 1262 3347 seorum
1311 3283 1412 3345 VI
1461 3284 1647 3357 scoti,
1715 3285 1872 3347 item
1921 3304 2043 3365 pro
2092 3284 2158 3345 II
2207 3284 2355 3346 ollis
2402 3284 2603 3347 butiri
2650 3284 2786 3347 VII
2834 3286 3022 3365 scoti,
3087 3284 3248 3347 item
3316 3305 3437 3367 pro
3485 3285 3659 3348 lacte
3708 3295 3775 3347 et
3822 3304 4048 3347 crema
4092 3284 4197 3347 IV

993 3392 1176 3467 scoti,
1224 3391 1380 3453 item
1432 3412 1555 3473 pro
1603 3392 1759 3474 piris
1807 3402 1874 3454 et
1911 3392 2128 3473 pomis
2166 3391 2232 3453 II
2268 3392 2453 3465 scoti,
2501 3392 2661 3454 item
2702 3413 2822 3474 pro
2861 3393 2958 3454 111
3002 3392 3375 3454 octualibus
3414 3392 3689 3455 ceruisie
3727 3391 3975 3455 XVIII
4012 3392 4197 3455 scoti.

1206 3500 1376 3563 Item
1444 3500 1598 3562 duci
1665 3498 2150 3583 Swidrgaloni:
2217 3500 2377 3562 item
2445 3519 2566 3581 pro
2634 3500 2926 3581 piscibus
2990 3498 3371 3562 recentibus
3418 3498 3565 3560 XX
3614 3499 3801 3572 scoti,
3866 3498 4025 3562 item
4073 3518 4195 3580 pro

993 3609 1199 3670 choro
1247 3627 1641 3670 cancrorum
1691 3606 1754 3668 V
1803 3628 1902 3690 gr.
1969 3607 2128 3669 item
2186 3610 2310 3688 pr'o
2358 3606 2515 3669 IIIC
2564 3626 2865 3669 oworum
2939 3605 3034 3667 [V
3082 3606 3267 3679 scoti,
3333 3606 3491 3668 item
3560 3626 3681 3687 pro
3728 3606 3759 3668 I
3806 3626 4042 3689 sexag.
4088 3626 4194 3669 ca-

992 3735 1259 3777 seorum
1311 3714 1412 3776 VI
1459 3714 1647 3787 scoti,
1693 3714 1851 3777 item
1900 3736 2021 3795 pro
2069 3716 2133 3776 II
2182 3715 2332 3777 ollis
2379 3714 2577 3776 butiri
2625 3714 2725 3776 VI
2775 3714 2959 3786 scoti,
3006 3714 3165 3775 item
3212 3733 3337 3794 pro
3384 3713 3467 3775 ΙΙ.
3500 3714 3874 3777 octualibus
3920 3713 4193 3776 ceruisie

990 3823 1076 3886 de
1145 3819 1443 3885 Wzssvlz’cz'a
1489 3821 1663 3884 XVI
1715 3822 1897 3884 scoti.

1204 3929 1374 3991 Item
1424 3929 1577 3992 duci
1626 3928 2033 3992 Semisconi:
2082 3930 2239 3991 item
2289 3950 2412 4011 pro
2459 3929 2754 4010 piscibus
2800 3929 3179 3992 recentibus
3228 3928 3323 3990 VI
3376 3928 3561 4001 scoti,
3625 3927 3786 3991 item
3833 3948 3955 4009 pro
4002 3927 4190 4009 pisci·

989 4039 1117 4100 bus
1160 4036 1486 4117 stracfusz
1535 4038 1597 4099 II
1648 4038 1831 4108 scoti,
1898 4038 2054 4099 item
2123 4058 2246 4118 pro
2314 4038 2574 4101 cancris
2640 4038 2670 4097 Ι
2719 4048 2880 4099 scot.
2948 4036 3105 4099 item
3175 4056 3297 4117 pro
3365 4036 3668 4098 ducentis
3736 4054 4040 4097 oworum
4089 4035 4189 4097 III

989 4144 1173 4216 scoti,
1220 4143 1379 4205 item
1429 4164 1551 4225 pro
1600 4146 1629 4205 I
1679 4146 1812 4207 olla
1858 4144 2057 4207 butiri
2107 4144 2208 4205 111
2258 4144 2443 4211 scoti,
2491 4144 2651 4205 item
2701 4164 2824 4225 pro
2872 4144 2901 4205 Ι
2952 4144 3200 4207 octuali
3246 4143 3524 4207 ceruisie
3572 4142 3673 4205 VI
3720 4142 3906 4206 scoti.

1204 4252 1374 4315 Item
1424 4252 1578 4314 duci
1626 4252 1940 4314 Bolconi:
1989 4252 2145 4313 item
2208 4271 2327 4332 pro
2376 4249 2669 4332 piscibus
2734 4251 3113 4314 recentibus
3162 4250 3261 4313 IV
3310 4250 3494 4322 scoti,
3560 4250 3718 4313 item
3766 4270 3891 4332 pro
3938 4251 4188 4313 cancris

990 4359 1054 4421 II
1103 4360 1289 4432 scoti,
1336 4359 1496 4421 item
1546 4380 1668 4440 pro
1717 4358 1768 4420 C
1817 4379 2115 4420 oworum
2165 4358 2273 4437 1¹<J2
2334 4368 2494 4421 scot.
2561 4358 2717 4420 item
2786 4378 2909 4439 pro
2956 4358 2987 4419 I
3037 4360 3170 4421 olla
3219 4357 3413 4419 butiri
3464 4358 3563 4419 III
3611 4358 3799 4431 scoti,
3863 4358 4021 4421 item
4068 4378 4186 4441 pro

990 4466 1021 4527 Ι
1059 4464 1312 4528 'octuali
1361 4466 1635 4529 ceruisie
1686 4465 1783 4527 VI
1831 4466 2014 4528 scoti.

1204 4574 1371 4635 Item
1423 4572 1573 4635 duci
1623 4573 2008 4635 Bel-nardo:
2056 4573 2214 4635 item
2269 4594 2389 4654 pro
2438 4573 2728 4654 piscibus
2772 4572 3153 4634 recentibus
3205 4572 3265 4631 V
3271 4572 3301 4635 Ι
3352 4572 3536 4645 scoti,
3584 4574 3741 4636 item
3792 4594 3913 4654 pro
3963 4574 4035 4635 X
4082 4594 4184 4636 ca-

988 4680 1117 4741 seis
1163 4679 1272 4760 I¹l2
1332 4701 1429 4762 gr.
1479 4679 1637 4741 item
1688 4700 1808 4761 pro
1857 4680 1908 4741 C
1958 4700 2258 4742 oworum
2311 4681 2419 4759 1¹32
2480 4691 2641 4741 scot.
2706 4680 2864 4741 item
2912 4700 3033 4761 pro
3080 4680 3109 4743 Ι
3160 4682 3295 4743 olla
3340 4680 3539 4743 butiri
3605 4679 3706 4743 III
3773 4681 3963 4755 scoti,
4026 4682 4181 4744 item

986 4808 1107 4869 pro
1165 4786 1228 4865 ¹s9.
1287 4787 1533 4850 octuali
1581 4786 1856 4849 ceruisie
1905 4788 1971 4849 Π
2019 4788 2202 4849 scoti.

1203 4896 1370 4956 Item
1419 4886 1570 4956 duci
1621 4892 2058 4977 Sigismundo
2106 4915 2256 4957 cum
2310 4894 2515 4976 ipsius
2562 4894 2747 4957 socio
2796 4894 3059 4959 Graba:
3106 4896 3265 4957 item
3305 4916 3427 4977 pro
3466 4896 3759 4977 piscibus
3805 4897 4179 4961 recentibus

987 5002 1053 5064 II
1100 5000 1284 5076 scoti,
1332 5002 1488 5063 item
1538 5022 1660 5083 pro
1709 5002 1964 5065 cancris
2013 5003 2040 5063 l
2089 5012 2252 5065 scot.
2300 5002 2457 5064 item
2507 5021 2629 5083 pro
2677 5003 2905 5075 caseis
2955 5003 3137 5075 owiS‚
3186 5003 3408 5066 butiro
3458 5004 3556 5065 III
3604 5004 3789 5077 scoti,
3845 5004 4005 5066 item
4062 5024 4178 5086 pro

1000 5108 1060 5189 ¹1¹2
1110 5109 1354 5172 octuali
1394 5109 1671 5173 ceruisie
1720 5110 1820 5171 III
1867 5110 2050 5172 scoti.

1201 5217 1368 5279 Item
1429 5218 1563 5279 dno
1612 5218 2042 5281 marsalconi:
2090 5218 2249 5281 item
2298 5239 2419 5300 pro
2468 5218 2757 5300 piscibus
2803 5218 3181 5280 recentibus
3231 5218 3399 5281 VIII
3448 5219 3633 5291 scoti,
3678 5221 3837 5281 item
3885 5239 4008 5301 pro
4054 5219 4174 5301 pis·

984 5323 1173 5387 cibus
1217 5323 1544 5407 stracficsz
1591 5324 1655 5386 II
1703 5326 1886 5398 scoti,
1953 5326 2111 5387 item
2159 5345 2282 5406 pro
2349 5325 2401 5388 C
2466 5345 2765 5388 oworum
2816 5326 2925 5405 I¹s2
2984 5325 3168 5399 scoti,
3233 5324 3391 5388 item
3439 5347 3562 5408 pro
3610 5326 3641 5389 Ι
3690 5328 3824 5389 olla
3868 5327 4068 5390 butiri
4111 5326 4173 5389 II

983 5431 1168 5505 scoti,
1215 5432 1374 5494 item
1420 5452 1541 5513 pro
1591 5432 1815 5494 XXX
1865 5432 2076 5495 caseis
2123 5432 2226 5494 ΙΙΙ
2274 5433 2458 5507 scoti,
2504 5432 2661 5495 item
2708 5452 2829 5514 pro
2878 5434 2908 5494 I
2958 5433 3201 5496 octuali
3248 5433 3526 5496 ceruisie
3574 5432 3675 5496 VI
3722 5434 3903 5497 scoti.

1197 5538 1368 5601 Item
1417 5540 1552 5601 dno
1611 5539 1922 5600 Nicolffloe
1957 5538 2535 5603 vicecancellario:
2603 5541 2759 5601 item
2828 5560 2949 5621 pro
3014 5540 3306 5621 piscibus
3370 5542 3753 5603 recentibus
3800 5540 3933 5603 VII
3998 5540 4171 5612 scoti,

4532 6380 4588 6522 1.ss-
