4592 6559
1215 510 1596 575 REJESTRA
1643 510 2230 563 PoDsKARmEGo
2279 512 2611 561 mchKl.
2672 518 2853 577 ¹393-
3536 518 3653 577 159

459 710 616 775 item
664 732 788 793 pro
833 712 1124 776 vasculis
1171 712 1362 776 dictis
1408 710 1750 777 stawm'cze
1795 713 2010 777 eidem
2060 712 2338 776 ceruisie
2386 712 2485 774 IV
2534 733 2622 775 sc.

459 818 616 881 item
666 839 787 901 pro
835 818 1137 905 corrigiis
1183 819 1356 883 datis
1402 821 1784 885 vectoribus
1831 821 1945 884 dni
1992 820 2214 904 Regis
2260 822 2349 884 ad
2384 822 2759 903 parandum
2789 819 3093 903 epiredas
3130 820 3295 883 alias
3320 818 3659 904 nabodrky

460 925 562 989 IV
607 946 698 992 sc.

460 1035 616 1097 item
682 1054 807 1117 pro
873 1036 1187 1119 expensis
1249 1037 1669 1119 precedentis
1733 1037 2104 1119 septimane
2169 1038 2305 1100 dno
2372 1034 2809 1119 Heynczconi
2874 1035 3438 1099 vicethezaurario
3502 1054 3657 1098 cum

461 1142 829 1205 sartoribus
874 1152 941 1207 et
984 1141 1238 1207 familia
1284 1144 1400 1207 dni
1446 1144 1668 1229 Regis
1715 1144 1784 1208 II
1832 1165 2031 1208 marc.
2080 1145 2113 1208 Ι
2162 1142 2306 1207 fert.

461 1250 616 1312 item
665 1250 772 1314 die
819 1251 1153 1315 dominico
1198 1262 1351 1334 post
1395 1252 1570 1315 diem
1619 1274 1667 1316 S.
1709 1253 1944 1333 Jacobi
1991 1253 2048 1333 (2
2060 1272 2090 1332 7
2099 1252 2192 1335 s7)
2241 1272 2365 1333 pro
2411 1250 2631 1314 resina
2694 1250 2857 1314 alias
2904 1268 3123 1323 massa,
3189 1250 3504 1332 adaptata
3570 1250 3657 1313 ad

463 1357 971 1441 expedicionem
1019 1379 1331 1423 curruum
1379 1360 1709 1443 regalium
1757 1360 2050 1424 thezauri
2097 1358 2284 1421 XXI
2332 1379 2421 1423 sc.

676 1464 961 1530 Summa
1004 1466 1108 1530 VI
1154 1486 1354 1531 marc.
1401 1467 1504 1531 III
1549 1488 1640 1531 sc.

677 1574 848 1637 Item
895 1595 1018 1657 pro
1063 1572 1350 1659 flagellis
1394 1586 1460 1637 et
1507 1596 1737 1639 eorum
1785 1573 2096 1639 finalibus
2144 1576 2231 1638 ad
2277 1574 2787 1658 expedicionem
2836 1575 3217 1638 vectoribus
3265 1574 3329 1636 V
3374 1594 3463 1638 sc.

463 1680 620 1745 item
669 1701 792 1764 pro
838 1680 1171 1767 frig-ilibus
1217 1683 1382 1747 alias
1429 1681 1674 1747 crzebla
1718 1703 1842 1766 pro
1887 1682 2331 1767 expedicione
2378 1682 2481 1744 IV
2528 1703 2628 1768 gr.

463 1788 623 1852 item
689 1809 811 1871 pro
877 1789 1129 1854 caldari
1191 1790 1513 1854 fundendi
1577 1790 1832 1854 lumina
1905 1800 1972 1853 et
2045 1811 2167 1872 pro
2231 1789 2335 1853 IV
2399 1790 2548 1853 ollis
2613 1790 2781 1855 ereis
2846 1790 3111 1876 magnis
3186 1800 3255 1854 et
3317 1791 3350 1853 I
3415 1789 3663 1873 patella

465 1895 644 1977 111²f,
703 1916 906 1962 marc.

466 2003 623 2068 item
671 2003 838 2069 feria
882 2004 950 2068 II
996 2007 1302 2089 sequenti
1351 2006 1552 2091 (28l7)
1601 2006 2090 2089 depositoribus
2144 2017 2212 2069 et
2257 2006 2709 2089 portatoribus
2754 2006 3281 2069 necessariorum
3326 2007 3412 2069 de
3459 2006 3661 2069 curri-

465 2114 594 2175 bus
639 2114 726 2176 ad
773 2114 1282 2195 expedicionem
1329 2115 1594 2198 paratis,
1640 2115 1805 2179 dum
1852 2114 1984 2177 iam
2032 2114 2383 2197 expedicio
2431 2123 2691 2177 cassata
2736 2112 2987 2189 fuisset,
3034 2112 3301 2177 famulis
3346 2113 3448 2176 IV
3486 2134 3575 2175 se.

466 2220 624 2283 item
672 2240 795 2302 pro
841 2221 1194 2285 ablucione
1231 2222 1490 2306 priuate
1527 2233 1596 2285 et
1631 2224 1912 2285 aliorum
1952 2242 2267 2285 vasorum
2306 2220 2742 2285 tentoriorum
2781 2220 3112 2305 regalium
3153 2220 3409 2284 mulieri
3438 2222 3664 2284 ablue-

467 2326 612 2391 trici
657 2328 926 2393 racione
972 2330 1303 2394 mercedis
1363 2330 1424 2411 ¹),
1482 2351 1716 2414 sexag.

465 2434 624 2498 item
671 2456 794 2518 pro
841 2446 1022 2501 cutte
1069 2438 1319 2501 bouina
1363 2439 1450 2502 ad
1497 2438 1953 2501 emendandas
1999 2437 2237 2500 domas
2281 2436 2547 2499 tentorii
2594 2436 2841 2519 regalis
2890 2435 3061 2499 VIII
3108 2456 3198 2499 sc.
3256 2436 3287 2498 Ι
3334 2456 3436 2521 gr.

468 2542 626 2607 item
674 2564 798 2628 pro
844 2545 877 2607 I
923 2545 1054 2609 alia
1097 2556 1279 2610 cutte
1325 2545 1536 2634 eciam
1586 2546 1674 2609 ad
1721 2546 2216 2609 emendandum
2264 2562 2519 2608 nouum
2566 2543 2926 2606 tentorium
2974 2544 3221 2627 regale,
3276 2544 3458 2625 quod
3504 2554 3664 2607 tunc

471 2650 806 2715 Henricus
852 2662 1068 2716 sartor
1113 2654 1376 2735 parauit
1420 2654 1507 2717 ad
1554 2652 2062 2736 expedicionem
2109 2653 2246 2715 dno
2293 2652 2481 2735 Regi
2526 2650 2707 2730 V11J,
2764 2670 2854 2714 sc.

472 2758 626 2821 item
673 2779 800 2841 pro
858 2759 920 2840 ¹:¹2
979 2761 1202 2843 lapide
1247 2760 1476 2825 aruine
1524 2760 1612 2824 ad
1661 2760 2064 2846 unguendas
2109 2759 2442 2843 predictas
2488 2758 2557 2821 II
2603 2768 2819 2822 cuttes
2863 2756 3003 2820 VII
3050 2778 3148 2842 gr.

469 2865 626 2929 item
673 2886 798 2950 pro
843 2867 1132 2954 cingulis
1176 2869 1340 2932 alias
1377 2874 1729 2954 poprangy
1774 2868 1861 2932 ad
1906 2866 2206 2951 predicta
2251 2866 2537 2931 tentoria
2583 2885 2835 2951 magna
2899 2876 2966 2926 et
3029 2865 3115 2927 ad
3162 2885 3369 2927 vnum
3439 2885 3663 2929 nowm

469 2974 826 3038 tentorium
875 2974 1049 3039 VIII
1095 2996 1184 3041 se.

470 3080 628 3145 item
675 3102 800 3165 pro
846 3082 1002 3147 feno
1047 3084 1460 3169 spadonibus
1504 3086 1618 3150 dni
1665 3084 1901 3167 RegiS,
1949 3083 2062 3166 qui
2108 3092 2267 3145 tunc
2315 3083 2401 3146 de
2448 3081 2681 3164 zuppis
2726 3080 2997 3145 adducti
3044 3089 3235 3143 erant
3271 3078 3663 3143 Cracouiam

473 3190 558 3252 ad
605 3190 814 3253 dnum
863 3190 1156 3276 Regem,
1203 3192 1272 3255 II
1316 3212 1406 3257 sc.

684 3296 968 3363 Summa
1012 3298 1079 3361 V
1126 3319 1328 3363 mare.
1375 3300 1478 3363 III
1524 3321 1613 3364 sc.
1662 3300 1695 3363 Ι
1742 3321 1841 3386 gr.

685 3406 856 3471 Item
903 3406 1070 3471 feria
1113 3407 1215 3471 IV
1263 3409 1566 3492 sequenti
1613 3408 1814 3492 (3os7)
1861 3428 1984 3491 pro
2022 3407 2428 3472 consucione
2465 3426 2812 3469 saccorum
2852 3414 2920 3468 et
2956 3404 3474 3486 creptuchorum
3514 3419 3667 3465 vec·

471 3514 728 3577 toribus
774 3516 861 3578 ad
907 3515 1437 3597 expedicionem,
1485 3516 1744 3579 mulieri
1789 3535 1912 3597 pro
1961 3516 2271 3579 mercede
2319 3512 2419 3577 IV
2466 3534 2555 3579 se.

473 3620 632 3684 item
679 3641 803 3703 pro
853 3620 1331 3707 beyngwantht'
1365 3634 1431 3686 et
1476 3624 1752 3688 armillis
1799 3624 1961 3687 alias
2005 3622 2235 3708 scorky
2298 3623 2471 3685 datis
2519 3620 2999 3684 Cormanczoni
3065 3618 3317 3682 directo
3382 3616 3668 3681 Lithwa-

472 3728 650 3791 niam
698 3731 786 3793 ad
835 3730 1224 3794 mandatum
1273 3732 1390 3795 dni
1436 3730 1658 3815 Regis
1704 3731 1848 3811 ΙΙῙΙῙ2
1909 3750 2109 3795 marc.

473 3836 631 3899 item
677 3857 802 3919 pro
846 3839 1049 3903 anulo
1096 3860 1301 3902 aureo
1349 3861 1501 3903 cum
1558 3837 1855 3903 szmelcze
1908 3848 2298 3921 temperatO,
2366 3837 2696 3901 destinato
2751 3835 3043 3899 consorti
3107 3832 3297 3897 ducis
3341 3830 3670 3895 Witholdi

472 3963 593 4027 per
639 3945 887 4009 dictum
938 3944 1509 4011 Cormanczonern
1559 3948 1644 4010 ad
1693 3948 2084 4010 mandatum
2133 3946 2248 4009 dni
2296 3944 2519 4029 Regis
2567 3944 2676 4025 I¹s2
2736 3962 2937 4006 marc.

473 4051 630 4115 item
680 4074 802 4135 pro
848 4054 881 4115 I
927 4054 1213 4117 stamine
1259 4075 1611 4139 purpure0,
1660 4056 1842 4137 quod
1887 4073 2042 4118 curn
2081 4054 2213 4117 alio
2249 4052 2282 4115 I
2322 4051 2603 4115 stamine
2639 4059 2910 4131 recepto
2948 4050 3033 4111 de
3071 4049 3384 4111 thezauro
3422 4045 3671 4130 Regio,

473 4160 634 4223 dato
697 4161 962 4226 cuidam
1032 4162 1336 4246 Vngar0,
1400 4165 1648 4226 multos
1711 4182 1948 4225 cernes
2009 4161 2305 4235 habenti,
2372 4160 2459 4222 ad
2525 4159 2917 4222 mandatum
2985 4156 3099 4218 dni
3148 4154 3371 4239 Regis
3435 4153 3671 4217 vocale

471 4266 540 4328 V
584 4286 787 4333 marc.

472 4376 630 4439 item
677 4397 800 4459 pro
846 4377 950 4442 IV
995 4378 1388 4442 staminibus
1432 4398 1728 4461 purpure
1775 4377 1939 4441 alias
1985 4375 2156 4440 atlas
2200 4375 2374 4458 nigri
2421 4373 2660 4437 coloris
2704 4392 2829 4454 pro
2873 4372 3011 4434 dno
3058 4370 3279 4453 Rege,
3326 4366 3671 4451 quodlibet

473 4504 594 4567 per
636 4484 703 4546 V
754 4506 953 4550 marc.
1001 4486 1401 4569 recipiend0,
1449 4506 1715 4550 summa
1759 4484 1920 4549 facit
1964 4484 2118 4547 XX
2162 4504 2366 4546 marc.

472 4592 630 4656 item
676 4613 801 4675 pro
850 4594 916 4656 II
961 4594 1216 4658 balistis
1263 4596 1350 4658 ad
1399 4596 1789 4658 mandatum
1838 4593 1951 4657 dni
2000 4591 2220 4675 Regis
2265 4590 2439 4653 datis
2486 4590 2573 4652 ab
2618 4590 3005 4650 thezaurum
3051 4584 3120 4647 II
3166 4602 3369 4647 marc.
3410 4580 3545 4643 VII
3582 4600 3671 4643 sc.

473 4700 632 4763 item
679 4721 803 4783 pro
851 4702 918 4765 II
965 4703 1257 4766 cuttibus
1304 4706 1391 4767 ad
1439 4704 1739 4784 paranda
1783 4700 1962 4764 futra
2026 4720 2149 4784 pro
2213 4698 2511 4763 scutellis
2577 4695 2913 4779 argenteis
2976 4690 3318 4775 regalibus
3373 4686 3518 4751 XV
3574 4708 3671 4771 gr.

473 4808 630 4871 item
679 4829 802 4891 pro
848 4810 1134 4893 cingulis
1179 4810 1266 4873 ad
1312 4810 1490 4874 futra
1536 4810 1837 4892 predicta
1883 4808 1916 4871 I
1961 4807 2108 4871 fert.

472 4914 632 4979 item
679 4936 800 5000 pro
847 4918 1148 4982 saccellis
1195 4919 1279 4982 de
1325 4926 1507 4981 cutte
1554 4918 1732 4981 dicta
1783 4914 2044 5001 yrzcha,
2109 4914 2304 4978 factis
2370 4915 2457 4976 ad
2522 4912 2931 4975 seruandum
2976 4907 3236 4971 radices
3301 4900 3671 4987 et‘species

473 5033 692 5087 certas
736 5024 805 5086 V
851 5044 1052 5090 marc.

473 5133 630 5195 item
678 5152 802 5215 pro
847 5132 916 5195 II
962 5133 1293 5216 lapidibus
1339 5132 1713 5217 smigmatis
1759 5133 1846 5195 ad
1893 5132 2070 5194 viam
2121 5130 2257 5193 dno
2295 5128 2500 5211 Regi,
2546 5125 2925 5207 recipiendo
2966 5122 3258 5205 lapidem
3294 5141 3419 5202 per
3454 5118 3553 5183 VI
3583 5137 3671 5180 sc.

474 5260 741 5304 summa
783 5240 944 5306 facit
989 5240 1168 5303 XIV
1215 5261 1304 5305 se.

689 5347 972 5431 Summa
1017 5348 1238 5412 XXII
1284 5368 1485 5412 marc.
1532 5346 1718 5410 XIX
1765 5366 1854 5411 sc.
1901 5344 1935 5409 I
1981 5366 2080 5429 gr.

691 5456 858 5523 Item
907 5477 1029 5540 pro
1075 5456 1246 5520 VIII
1293 5456 1466 5521 vlnis
1510 5456 1644 5519 tele
1690 5456 2003 5518 adalbate
2068 5453 2155 5516 ad
2219 5453 2519 5534 paranda
2583 5446 3005 5530 manutergia
3070 5465 3192 5528 pro
3256 5444 3393 5507 dno
3448 5442 3671 5524 Rege,

471 5564 539 5628 in
587 5564 830 5647 quibus
877 5564 1130 5628 dictum
1179 5564 1469 5648 smigma
1516 5563 1893 5626 involutum
1941 5570 2084 5624 erat
2129 5559 2303 5623 VIII
2350 5578 2441 5621 sc.
