4592 6559
1009 510 1138 569 530
1356 503 1734 568 REJESTRA
1779 489 2206 564 wATRoBm
2256 501 2919 562 wmmzouzA‘chir
2964 499 3627 549 KRAKOWSKOEGO.
3684 506 3867 564 1419·

1005 723 1168 766 mar.
1213 703 1374 766 item
1420 723 1543 785 pro
1590 703 1884 785 piscibus
1930 703 2122 766 salsis
2185 705 2321 766 due
2368 722 2529 765 mar.
2596 701 2757 764 item
2806 721 2929 783 pro
2992 700 3315 764 allecibus
3360 711 3434 763 ut
3480 699 3735 782 patebit
3780 699 3847 761 in
3894 707 4175 780 aparatu
4192 747 4209 772 ,

1005 811 1164 873 item
1212 831 1334 894 pro
1381 812 1530 874 oleo
1577 811 1934 893 papaueris
1997 819 2288 892 quatuor
2334 831 2425 873 sc.
2490 809 2651 872 item
2698 829 2821 892 pro
2869 809 3020 871 oleo
3066 807 3339 871 seminis
3384 808 3625 889 canapi
3670 805 3850 868 XIH
3899 826 3999 886 gr.
4046 805 4207 867 item

1005 938 1130 1000 pro
1177 917 1596 980 cruczmorka
1641 927 1710 980 et
1760 917 2134 1002 pasternak
2179 917 2287 979 IX
2338 937 2435 1001 gr.
2502 918 2661 979 item
2726 937 2851 998 pro
2916 916 3140 980 medio
3205 917 3413 978 choro
3476 925 3766 978 auenate
3811 913 3979 976 alias
4026 933 4209 975 cvcza

1007 1023 1110 1086 IV
1124 1025 1188 1106 ΙΙ,
1246 1046 1345 1109 gr.
1393 1025 1552 1088 item
1599 1025 1917 1088 lenticula
1963 1025 2160 1109 nigra
2195 1035 2332 1088 tres
2370 1045 2468 1108 gr.
2515 1025 2674 1088 item
2720 1023 2881 1106 pisa,
2931 1023 3221 1097 mileum,
3270 1043 3453 1104 cepe,
3501 1024 3845 1104 raphanus
3888 1021 4105 1083 maior
4141 1031 4209 1083 et

1008 1132 1226 1194 minor
1271 1134 1356 1196 de
1403 1133 1666 1206 allodio,
1732 1133 1890 1194 item
1937 1153 2059 1214 pro
2106 1132 2379 1194 simellis
2426 1131 2501 1194 X
2550 1152 2651 1215 gr.
2714 1131 2874 1194 item
2940 1151 3063 1212 pro
3128 1150 3469 1213 papauere
3533 1139 3603 1192 et
3665 1129 3923 1192 semine
3968 1127 4209 1208 canapi

1007 1238 1118 1300 IX
1165 1259 1264 1324 gr.
1311 1240 1472 1303 item
1519 1249 1774 1321 septem
1825 1239 2112 1303 octualia
2175 1239 2455 1302 ceruisie
2504 1249 2746 1320 empta,
2794 1238 3145 1320 quodlibet
3189 1258 3311 1319 pro
3358 1236 3469 1298 IX
3514 1257 3603 1299 se.
3672 1238 3805 1299 due
3854 1255 4016 1298 mar.
4062 1232 4207 1298 XV

1007 1367 1096 1410 sc.
1143 1346 1302 1409 item
1349 1347 1708 1428 pistoribus
1751 1346 2096 1431 regalibus
2141 1345 2355 1408 farina
2401 1348 2559 1408 data
2604 1345 2727 1408 fuit
2800 1345 3017 1428 primo
3064 1345 3206 1408 die:
3262 1344 3423 1407 item
3469 1363 3592 1426 pro
3636 1343 3933 1426 piscibus
3978 1363 4208 1405 recen-

1008 1454 1187 1517 tibus
1234 1455 1321 1516 ad
1367 1453 1775 1517 friesandum
1825 1455 2098 1518 domino
2143 1474 2311 1538 rege
2358 1455 2433 1536 (s)
2470 1464 2609 1517 tres
2656 1453 2967 1524 fertones
3014 1452 3173 1514 item
3220 1471 3343 1534 pro
3388 1453 3541 1514 oleo
3586 1451 3941 1534 papaueris
3977 1447 4081 1512 VI
4116 1469 4207 1512 sc,

1223 1561 1397 1624 Item
1445 1563 1686 1626 eodem
1734 1561 1840 1625 die
1905 1563 1990 1625 ad
2039 1564 2395 1643 coquinam
2464 1561 2735 1624 domine
2804 1559 3079 1643 Regine
3126 1569 3193 1622 et
3237 1558 3497 1621 iuuenis
3546 1558 3823 1641 Regine
3869 1559 3958 1620 ad
4005 1577 4203 1639 pran-

1009 1667 1227 1730 dium:
1275 1668 1436 1730 item
1483 1688 1606 1750 pro
1653 1668 1948 1751 piscibus
1994 1669 2375 1732 recentibus
2440 1679 2576 1732 tres
2623 1689 2785 1731 mar.
2850 1668 3013 1730 item
3076 1686 3201 1748 pro
3247 1666 3541 1747 piscibus
3604 1665 3799 1728 salsis
3844 1664 3997 1728 XX
4043 1675 4209 1726 scot.

1010 1774 1170 1838 item
1216 1795 1340 1858 pro
1387 1776 1723 1850 allecibus
1771 1776 2026 1858 patebit
2071 1777 2138 1839 in
2187 1785 2486 1858 aparatu.

1224 1882 1395 1945 Item
1444 1903 1565 1965 pro
1613 1883 1764 1946 oleo
1810 1883 2166 1966 papaueris
2231 1893 2301 1946 et
2346 1882 2619 1946 seminis
2685 1881 2925 1964 canapi
2971 1881 3047 1944 X
3092 1901 3193 1965 gr.
3257 1880 3419 1943 item
3482 1901 3607 1963 pro
3674 1878 4095 1943 cruczmorka
4140 1889 4211 1942 et

998 1989 1373 2074 pasternak
1419 2001 1572 2053 octo
1619 2011 1718 2074 gr.
1765 1991 1925 2054 item
1973 2011 2096 2072 pro
2141 1990 2399 2053 semine
2446 1990 2685 2071 canapi
2730 1998 2798 2051 et
2846 2008 3181 2071 papauere
3226 1987 3338 2050 IX
3376 2008 3474 2071 gr.
3521 1988 3683 2051 item
3726 1987 3945 2070 pisum
3984 1997 4053 2050 et
4090 1987 4209 2049 mi·

1008 2097 1168 2160 lium
1219 2107 1410 2162 erant
1454 2099 1736 2181 propria,
1803 2099 1965 2161 item
2013 2118 2135 2180 pro
2181 2098 2481 2180 raphano
2547 2096 2781 2159 maiori
2828 2097 2859 2158 I
2907 2117 3005 2181 gr.
3070 2097 3229 2160 item
3295 2115 3417 2176 pro
3474 2105 3765 2178 quatuor
3830 2095 4211 2158 octualibus

1010 2205 1286 2268 ceruisie
1333 2205 1608 2268 dimidia
1651 2207 1950 2270 secunda
1997 2225 2158 2268 mar.

1223 2313 1398 2375 Item
1445 2315 1684 2376 eodem
1732 2314 1838 2377 die
1885 2313 2168 2377 dietario
2233 2314 2321 2375 ad
2385 2311 2843 2374 distribuenda
2908 2310 3115 2374 dieria
3176 2310 3475 2382 ducibus,
3532 2309 3909 2394 dignitarijs
3952 2319 4023 2372 et
4066 2307 4211 2371 offi-

1009 2419 1320 2482 cialibus:
1369 2421 1528 2483 item
1576 2442 1697 2503 pro
1743 2421 2037 2504 piscibus
2095 2419 2476 2483 recentibus
2540 2421 2673 2482 due
2740 2439 2901 2480 mar.
2947 2437 3101 2480 cum
3168 2416 3439 2493 fertone,
3507 2417 3667 2480 item
3732 2438 3855 2498 pro
3916 2417 4213 2500 piscibus

1011 2526 1204 2589 salsis
1249 2537 1538 2610 quatuor
1585 2548 1745 2592 mar.
1793 2527 1936 2590 XV
1983 2549 2072 2592 sc.
2137 2528 2298 2590 item
2346 2547 2469 2608 pro
2525 2527 2696 2599 oleo,
2760 2525 3023 2607 patebit
3067 2525 3135 2588 in
3182 2535 3477 2607 aparatu,
3544 2525 3705 2587 item
3753 2545 3874 2606 pro
3920 2534 4213 2608 quatuor

1011 2633 1182 2698 coris
1227 2635 1352 2716 pisi
1396 2635 1618 2698 media
1663 2655 1824 2699 mar.
1871 2635 2030 2698 item
2078 2656 2200 2718 pro
2247 2653 2385 2698 vna
2432 2653 2745 2696 mensura
2793 2633 2972 2695 milei
3019 2633 3241 2696 media
3286 2653 3446 2695 mar.
3494 2632 3653 2695 item
3700 2653 3823 2714 pro
3869 2652 4213 2715 papauere

1011 2751 1082 2803 et
1125 2741 1380 2804 semine
1428 2743 1668 2825 canapi
1713 2744 2036 2807 tredecim
2084 2743 2269 2817 scoti,
2316 2742 2473 2804 item
2514 2761 2637 2822 pro
2684 2741 2935 2804 simelis
2980 2749 3241 2823 septem
3279 2760 3377 2824 gr.
3424 2741 3587 2802 item
3634 2740 3875 2823 viginti
3920 2739 4215 2804 octualia

1012 2848 1291 2912 ceruisie
1335 2859 1582 2930 empta,
1629 2851 1976 2932 quodlibet
2023 2871 2142 2932 per
2186 2850 2297 2912 IX
2344 2859 2507 2913 scot.
2554 2849 2619 2912 in
2668 2859 2813 2912 toto
2856 2849 3019 2914 facit
3065 2849 3279 2930 VII¹l2
3336 2869 3497 2912 mar.

1225 2955 1396 3018 Item
1446 2958 1531 3019 ad
1577 2977 1816 3020 cenam
1864 2960 2104 3021 eodem
2152 2957 2259 3020 dic
2308 2957 2582 3020 domino
2630 2956 2851 3041 Regi:
2918 2957 3077 3020 item
3142 2956 3359 3038 primo
3404 2976 3527 3038 pro
3593 2956 3887 3037 piscibus
3930 2955 4212 3019 recenti·

1011 3063 1140 3126 bus
1185 3062 1296 3144 ΙΙΙ,
1353 3083 1515 3127 mar.
1580 3064 1738 3127 item
1788 3085 1907 3146 pro
1952 3065 2246 3147 piscibus
2310 3065 2503 3128 salsis
2568 3085 2705 3128 vna
2751 3085 2914 3128 mar.
2978 3064 3137 3127 item
3204 3083 3325 3145 pro
3390 3064 3713 3126 allecibus
3778 3064 3841 3126 in
3910 3073 4209 3146 aparatu,

1013 3169 1172 3232 item
1219 3191 1340 3253 pro
1388 3172 1540 3234 oleo
1585 3173 1940 3254 papaueris
1988 3182 2055 3235 et
2101 3172 2341 3254 canapi
2378 3172 2524 3235 XII
2564 3193 2662 3256 gr.
2711 3172 2871 3234 item
2910 3192 3033 3254 pro
3080 3169 3517 3241 cruczmorka,
3554 3169 3927 3255 pasternak
3961 3169 4075 3232 IX
4110 3189 4214 3254 gr.

1013 3277 1174 3342 item
1220 3299 1344 3360 pro
1390 3279 1536 3360 piso
1581 3281 1669 3342 ad
1715 3279 2007 3342 Nawara
2052 3293 2347 3361 quatuor
2392 3300 2491 3364 gr.
2557 3281 2716 3343 item
2782 3301 2905 3363 pro
2970 3279 3245 3343 simellis
3308 3288 3377 3341 et
3423 3278 3704 3342 circulis·
3730 3299 3857 3342 sex
3903 3298 4003 3362 gr.
4050 3278 4213 3341 item

1013 3385 1139 3447 tria
1184 3386 1474 3448 octualia
1521 3386 1800 3450 ceruisie
1845 3407 1968 3469 pro
2015 3405 2152 3450 vna
2196 3408 2425 3452 marca
2468 3407 2595 3451 sex
2643 3408 2743 3472 gr.

1227 3492 1401 3555 Item
1467 3495 1554 3556 ad
1619 3515 1856 3557 cenam
1921 3494 2192 3558 domine
2258 3495 2535 3579 Regine
2599 3504 2668 3557 et
2732 3493 3037 3558 quenis:
3102 3494 3263 3558 item
3311 3515 3435 3577 pro
3480 3493 3773 3576 piscibus
3834 3493 4214 3558 recentibus

1014 3600 1150 3663 due
1195 3619 1358 3664 mar.
1405 3600 1564 3664 item
1611 3622 1737 3684 pro
1784 3601 2076 3684 piscibus
2121 3602 2317 3665 salsis
2360 3601 2505 3664 XV
2550 3611 2713 3665 scot.
2763 3602 2919 3665 item
2970 3623 3093 3684 pro
3141 3602 3478 3674 allecibus
3524 3611 3599 3664 ut
3644 3601 3899 3684 patebit
3942 3601 4011 3664 in
4056 3621 4211 3682 apa-

1011 3717 1181 3781 ratu‚
1246 3707 1406 3770 item
1453 3729 1576 3790 pro
1623 3710 1776 3772 oleo
1819 3709 2176 3792 papaueris
2221 3708 2335 3772 IX
2380 3731 2479 3793 gr.
2544 3709 2702 3772 item
2751 3730 2875 3792 pro
2939 3707 3357 3772 cruczmorka
3404 3718 3471 3772 et
3521 3707 3897 3792 parternak
3938 3729 4064 3772 sex
4110 3729 4212 3793 gr.

1013 3814 1173 3878 item
1221 3835 1343 3896 pro
1388 3815 1663 3880 simellis
1707 3827 1777 3880 et
1822 3817 2082 3880 circulis
2129 3825 2418 3900 quatuor
2464 3837 2562 3900 gr.

1229 3922 1402 3985 Item
1449 3921 1814 3987 falconistis
1859 3945 1980 4006 pro
2027 3924 2244 4006 pulliS,
2291 3923 2622 3988 columbis
2669 3922 2807 3986 VII
2852 3933 3017 3986 scot.

1227 4028 1512 4094 Summa
1555 4031 1754 4094 huius
1800 4031 1929 4094 diei
1975 4041 2044 4094 et
2089 4051 2256 4094 cene
2302 4029 2461 4094 facit
2506 4030 2675 4094 XLI
2724 4051 2883 4093 mar.
2932 4029 3104 4094 VIII
3150 4039 3313 4093 scot.
3360 4030 3469 4112 ΙΙΙ,
3529 4051 3629 4114 gr.

1227 4135 1550 4219 Sequitur
1595 4148 1906 4220 aparatus
1951 4139 2040 4200 ad
2084 4137 2453 4219 predictam
2500 4137 2869 4200 stacionem
2914 4157 3118 4220 super
3160 4139 3333 4200 duos
3378 4138 3554 4200 dies:
3602 4138 3692 4200 ite
3702 4159 3762 4200 ,τι
3808 4139 4027 4220 primo
4084 4158 4211 4220 pro

1013 4245 1278 4307 duabus
1333 4245 1561 4307 tunnis
1625 4245 1910 4307 allecum
1957 4243 2094 4306 VII
2111 4243 2172 4325 ¹l2
2232 4264 2394 4306 mar.
2460 4244 2617 4306 item
2666 4265 2788 4326 pro
2852 4265 2989 4308 vna
3051 4254 3263 4308 tunna
3326 4245 3457 4308 olei
3522 4246 3609 4307 ad
3674 4245 4209 4309 distribuendum

1015 4350 1222 4414 dieria
1267 4351 1448 4433 ΙΙΙῑΙ,ι
1511 4372 1669 4415 mar.
1717 4353 1877 4415 item
1922 4372 2045 4434 pro
2109 4361 2403 4434 quatuor
2467 4353 2677 4416 doleis
2740 4353 2830 4415 ad
2892 4353 3214 4435 coquinas
3282 4363 3351 4416 et
3396 4355 3487 4415 ad·
3530 4353 3845 4414 balneum
3892 4352 4074 4414 XVI
4118 4373 4211 4416 sc.

1014 4459 1172 4520 item
1220 4479 1343 4541 pro
1389 4479 1516 4521 sex
1562 4459 1717 4522 tinis
1764 4459 1851 4522 ad
1896 4459 2218 4541 coquinas
2265 4468 2333 4522 et
2380 4460 2465 4520 ad
2513 4459 2829 4521 balneum
2876 4468 2945 4521 et
2988 4459 3329 4541 pistorem,
3394 4458 3581 4534 fert0,
3646 4459 3805 4524 item
3876 4480 3999 4542 pro
4044 4463 4214 4522 duo·-

1015 4566 1142 4628 bus
1189 4565 1381 4640 vasis,
1429 4565 1496 4628 in
1545 4587 1681 4647 quo
1731 4567 1804 4648 (s)
1851 4575 2124 4648 paratur
2187 4587 2393 4648 pasca
2456 4566 2621 4628 alias
2671 4586 2889 4638 caena,
2938 4585 3065 4630 sex
3111 4587 3210 4650 gr.
3276 4567 3435 4630 item
3482 4587 3605 4648 pro
3654 4566 3874 4634 vrceis
3916 4587 4043 4628 sex
4088 4586 4214 4648 per

1015 4682 1305 4753 quatuor
1348 4683 1759 4755 quat-tenses,
1807 4672 1945 4735 IIII
1992 4693 2094 4757 gr.
2159 4673 2319 4735 item
2368 4693 2491 4754 pro
2558 4674 2767 4735 alueis
2830 4675 2918 4736 ad
2982 4673 3307 4756 coquinas
3372 4683 3439 4737 et
3486 4675 3571 4736 ad
3631 4673 3939 4755 pisti-inas
3984 4673 4061 4736 X
4108 4693 4214 4757 gr.

1017 4779 1176 4841 item
1239 4800 1362 4862 pro
1417 4782 1680 4844 duabus
1741 4781 2108 4864 sexagenis
2171 4781 2603 4842 scutellarum
2672 4781 2885 4843 XIIII
2930 4791 3095 4844 scot.
3158 4781 3319 4844 item
3384 4801 3505 4862 pro
3570 4783 3786 4844 tribus
3846 4781 4215 4864 sexagenis

1017 4888 1300 4949 ollarum
1348 4897 1415 4950 et
1460 4887 1880 4950 multralibus
1926 4886 2110 4949 XIX
2158 4897 2319 4950 scot.
2384 4887 2543 4949 item
2590 4909 2712 4970 pro
2758 4888 3013 4950 oliculis
3076 4887 3301 4970 paruis
3366 4888 3613 4970 pulcris
3676 4897 3746 4950 et
3800 4887 4215 4970 simplicibus

1018 4994 1238 5055 media
1283 5015 1444 5058 mar.
1492 4993 1653 5057 item
1699 5015 1822 5076 pro
1871 4994 2101 5057 cribris
2147 5005 2216 5057 et
2262 4995 2411 5077 pilis
2457 4993 2664 5068 factis
2714 4995 3060 5077 quodlibet
3105 4995 3433 5077 capiendo
3480 5015 3602 5076 per
3644 5004 3782 5057 tres
3827 5015 3928 5078 gr.
3976 4996 4065 5057 ad
4102 5015 4213 5057 co·-

1016 5101 1254 5183 quinas
1301 5100 1551 5164 domini
1598 5101 1821 5186 Regis
1861 5111 1929 5164 et
1969 5101 2244 5184 Regine
2288 5101 2649 5184 pistoribus
2684 5111 2837 5164 octo
2875 5111 3037 5165 scot.
3084 5101 3243 5164 item
3291 5121 3418 5184 pro
3461 5101 3693 5164 cribris
3738 5101 4038 5164 subereis
4074 5110 4215 5163 tres

1017 5229 1116 5292 gr.
1163 5208 1322 5271 item
1369 5229 1410 5271 a
1457 5210 1739 5272 ductura
1784 5209 2262 5290 premissorum
2310 5212 2399 5273 de
2446 5209 2773 5274 Cracouia
2817 5219 2886 5272 et
2930 5210 3217 5285 aliunde,
3280 5209 3534 5274 scilicet
3578 5209 3877 5292 piscium,
3922 5209 4213 5272 simella-

1016 5320 1167 5378 rum
1213 5314 1466 5379 famulo
1512 5318 1644 5379 due
1691 5336 1854 5379 mar.
1901 5336 2054 5379 cum
2103 5316 2282 5378 XVI
2328 5328 2488 5380 scot.

1231 5423 1404 5486 Item
1449 5422 1616 5485 feria
1658 5425 1956 5487 secunda
2018 5424 2325 5506 sequenti
2374 5423 2575 5508 (20s3)
2622 5424 2894 5487 domina
2960 5424 3235 5508 Regina
3282 5435 3350 5487 et
3393 5423 3667 5486 quenis
3712 5423 4213 5506 prelibauerunt

1016 5540 1086 5593 et
1128 5530 1440 5594 dominus
1487 5530 1652 5592 Rex
1697 5531 2002 5594 recessit:
2049 5531 2208 5593 item
2255 5551 2380 5612 pro
2424 5531 2718 5613 piscibus
2753 5541 2908 5595 octo
2942 5541 3107 5596 scot.
3152 5532 3312 5595 item
3358 5551 3483 5613 pro
3520 5531 3841 5594 allecibus
3876 5539 4014 5594 tres
4048 5542 4213 5594 scot.
