4592 6559
962 471 1082 546 196
1749 480 2120 543 REJESTRA
2179 479 2767 528 PODSKARBIEGO
2816 480 3151 529 HINCZKI.
3209 486 3390 546 1394.

953 679 1109 743 item
1159 699 1283 761 pro
1331 679 1607 743 ceruisia
1659 680 1854 763 nigra
1901 680 1987 743 ad
2035 699 2339 743 mensam
2388 680 2691 763 regalem
2738 678 2849 741 IX
2896 700 2996 763 gr.

953 786 1113 849 item
1161 786 1443 849 Andree
1489 785 2056 869 viceprocuratori
2117 785 2545 849 Cracouiensi
2608 806 2731 869 pro
2778 786 3246 869 comparandis
3312 785 3703 849 necessariis
3766 785 4155 849 victualium

953 894 1090 956 dno
1137 894 1323 977 Regi
1369 902 1436 955 et
1481 894 1613 956 dne
1660 894 1935 977 Regine
1983 895 2134 956 XX
2181 914 2383 956 marc.

951 1000 1112 1064 item
1160 1002 1294 1063 dne
1341 1000 1616 1085 Regine
1665 1021 1788 1082 pro
1835 1000 2176 1065 offertorio
2221 1020 2347 1083 per
2384 1000 2751 1080 Janconem
2804 1000 3171 1063 Borutham
3223 1000 3332 1081 ΙΙΙ,
3392 1020 3593 1065 marc.

953 1108 1111 1170 item
1157 1108 1512 1171 Truthloni
1575 1129 1697 1190 pro
1765 1108 2232 1191 comparandis
2297 1107 2614 1189 expensis
2680 1108 2816 1169 dno
2880 1106 3293 1192 Skirgelloni
3357 1107 3443 1170 ad
3508 1107 3679 1171 duas
3743 1109 4157 1171 ebdomadas

952 1215 1098 1278 XII
1145 1235 1346 1279 mare.

953 1323 1111 1385 item
1161 1324 1298 1384 dno
1337 1323 1630 1403 Johanni
1678 1323 2268 1406 Rzesszchowsky
2316 1343 2439 1405 pro
2486 1343 2682 1405 equ0‚
2727 1342 2929 1405 quem
2976 1324 3151 1385 dnus
3196 1322 3361 1385 Rex
3400 1323 3582 1404 apud
3617 1322 3835 1405 ipsum
3882 1333 4155 1397 emerat,

954 1431 1040 1492 ad
1089 1450 1323 1493 vocem
1375 1430 1490 1494 dni
1537 1430 1758 1514 Regis
1804 1430 1948 1493 XV
1995 1452 2195 1495 marc.

954 1536 1114 1601 item
1161 1538 1316 1601 duci
1363 1535 1766 1620 Sluppcensi
1830 1559 1954 1620 pro
2020 1538 2464 1621 exempcione
2520 1538 2604 1601 de
2669 1538 2965 1619 hospicio
3029 1537 3116 1600 ad
3181 1558 3417 1601 vocem
3477 1536 3591 1601 dni
3636 1537 3859 1622 Regis
3904 1537 4153 1601 LXXI

955 1665 1155 1708 mare.
1206 1645 1238 1707 I
1284 1644 1429 1709 fert.

954 1752 1112 1815 item
1161 1772 1285 1834 pro
1331 1753 1814 1834 preparacione
1858 1753 2130 1836 pellium
2181 1753 2667 1817 castorinarum
2714 1752 2827 1815 dni
2875 1752 3098 1837 Regis
3144 1752 3253 1833 ΙΙ]2
3313 1772 3513 1816 marc,

953 1861 1111 1922 item
1158 1859 1323 1922 feria
1368 1858 1472 1921 IV
1517 1860 1826 1942 proxima
1873 1862 1930 1941 (2
1940 1863 2075 1943 4J6)
2124 1860 2405 1923 Andree
2443 1860 3005 1942 viceprocuratori
3044 1859 3470 1926 Cracouiensi
3514 1880 3638 1942 pro
3684 1861 4153 1944 comparandis

953 1967 1271 2050 expensis
1318 1968 1453 2030 dno
1501 1966 1688 2051 Regi
1733 1976 1801 2030 et
1848 1969 1980 2030 dne
2028 1968 2305 2053 Regine
2352 1969 2429 2030 X
2472 1987 2674 2030 mare.

1167 2073 1450 2139 Summa
1497 2074 1816 2137 CXXXI
1863 2096 2064 2139 mare.
2111 2075 2290 2138 XVI
2338 2096 2426 2138 sc,
2486 2076 2549 2155 ¹,l2
2608 2096 2708 2159 gr.

1166 2183 1339 2246 Item
1387 2185 1524 2246 dno
1571 2182 1928 2267 Wyszloni
1973 2184 2061 2247 ad
2106 2204 2346 2247 vocem
2394 2182 2511 2245 dni
2556 2182 2777 2267 Regis
2826 2183 2977 2245 XX
3024 2202 3224 2246 marc.

950 2290 1108 2353 item
1159 2291 1297 2353 dno
1343 2289 1720 2374 Drogossio
1766 2291 1966 2354 iudici
2015 2290 2441 2355 Cracouiensi
2488 2310 2690 2373 super
2736 2291 2803 2351 X
2854 2290 3080 2365 hastiS,
3146 2290 3390 2373 quibus
3436 2289 3967 2373 expedicionem,
4013 2311 4151 2373 quo

953 2400 1088 2461 dno
1137 2397 1323 2481 Regi
1368 2398 1706 2480 placuerit,
1752 2398 2060 2462 famulari
2105 2408 2370 2462 tenetur
2414 2397 2471 2460 L
2518 2418 2717 2461 marc.

951 2506 1115 2569 item
1163 2525 1287 2587 pro
1333 2506 1597 2569 duobus
1645 2506 2063 2587 spadonibus
2109 2506 2353 2587 emptis
2400 2507 2486 2568 ad
2535 2525 2776 2568 vocem
2842 2506 2958 2569 dni
3021 2505 3261 2591 Regis,
3326 2506 3499 2569 datis
3549 2503 3864 2569 conuclnls·
3906 2506 4151 2590 regali-

951 2615 1080 2676 bus
1126 2613 1304 2676 XVI
1352 2632 1554 2677 mare.
1601 2612 1755 2676 XX
1799 2634 1888 2677 sc.

951 2721 1111 2783 item
1157 2740 1280 2802 pro
1333 2721 1484 2783 XX
1531 2721 1772 2784 marcis
1838 2742 2015 2805 gros.
2073 2721 2245 2784 datis
2310 2722 2445 2783 dno
2512 2721 2838 2784 Purczoni
2903 2720 3106 2783 misso
3170 2720 3237 2783 in
3308 2720 3679 2784 ambasiata
3724 2740 3960 2783 versus
4006 2720 4150 2783 Vn·

953 2828 1230 2913 gai-iam,
1277 2847 1399 2909 pro
1447 2828 1778 2910 expensiS,
1825 2828 2139 2891 addendo
2195 2848 2399 2909 super
2455 2828 2822 2910 quamlibet
2860 2846 3155 2891 marcam
3203 2828 3550 2909 quadrant.
3577 2826 3723 2889 XV
3750 2848 3849 2912 gr.
3886 2848 4152 2893 summa

949 2933 1109 2998 facit
1153 2932 1410 2997 XXVI
1455 2955 1653 2997 marc.
1701 2934 1734 2996 I
1779 2934 1922 2998 fert.

949 3043 1110 3105 item
1158 3043 1503 3106 Russconi
1550 3043 1759 3106 sutori
1807 3044 1922 3106 dni
1989 3044 2208 3128 Regis
2273 3064 2397 3126 pro
2463 3045 2750 3127 pellibus
2816 3043 3117 3107 emendis
3180 3044 3267 3106 ad
3331 3042 3530 3118 viam,
3594 3045 3683 3106 ad
3746 3063 3985 3106 vocem
4033 3044 4149 3107 dni

950 3150 1170 3235 Regis
1215 3152 1250 3214 I
1298 3170 1496 3214 marc.

952 3258 1112 3322 item
1179 3257 1352 3322 VIII
1417 3258 1614 3321 sociis
1676 3259 1970 3323 thezauri
2036 3260 2259 3323 dando
2324 3279 2447 3341 pro
2506 3259 2748 3323 calceis
2812 3259 3083 3324 cuilibet
3145 3277 3267 3341 per
3331 3258 3435 3322 III
3500 3279 3596 3342 gr.
3660 3278 3927 3321 summa
3986 3257 4149 3323 facit

949 3366 1130 3429 XVI
1175 3386 1266 3430 se.

951 3474 1114 3537 item
1161 3474 1612 3537 Lithwossoni
1659 3474 2064 3538 cubiculario
2128 3475 2244 3538 dni
2288 3475 2513 3559 Regis
2559 3496 2682 3557 pro
2748 3475 2989 3539 calceis
3054 3475 3142 3537 ad
3187 3494 3429 3538 vocem
3493 3472 3699 3556 ipsius
3762 3473 3877 3537 dni
3922 3474 4147 3558 Regis

947 3579 1049 3644 IV
1098 3601 1197 3665 gr.

949 3688 1108 3751 item
1156 3709 1278 3771 pro
1324 3687 1391 3751 II
1441 3689 1845 3752 subsellariis
1891 3688 2084 3752 dictis
2118 3688 2449 3775 podclady
2495 3692 2581 3754 ad
2628 3692 2827 3754 sellas
2872 3699 3221 3755 vectorum
3269 3690 3595 3774 regalium
3644 3689 3817 3753 VIII
3864 3710 3965 3775 gr.

946 3795 1107 3858 item
1154 3817 1278 3878 pro
1324 3796 1766 3879 exempcione
1813 3796 2215 3859 curiensium
2266 3798 2384 3860 dni
2430 3798 2651 3882 Regis
2706 3801 2790 3861 de
2834 3798 3145 3880 hospiciis
3210 3818 3334 3880 per
3378 3796 3787 3861 Petrassium
3834 3797 4147 3861 distribu-

946 3912 1161 3966 torem
1226 3903 1472 3985 pabuli,
1535 3914 1734 3985 prout
1797 3904 2039 3966 clarius
2101 3913 2287 3986 patet
2350 3906 2417 3969 in
2480 3905 2766 3989 registro
2831 3906 3101 3988 speciali
3162 3924 3366 3987 super
3410 3906 3540 3969 hoc
3586 3904 3784 3980 fact0,
3830 3903 4144 3969 CXXVI

947 4030 1146 4073 marc.
1194 4010 1296 4073 III
1341 4031 1430 4073 se.

1159 4115 1442 4181 Summa
1486 4116 1767 4181 CCXLI
1813 4139 2015 4183 marc,
2062 4119 2164 4182 III
2211 4140 2301 4184 se.

1157 4225 1327 4287 Item
1377 4224 1815 4289 Hannussoni
1878 4226 2288 4291 cubiculario
2354 4228 2470 4291 dni
2535 4228 2755 4313 Regis
2818 4248 2940 4310 pro
3004 4228 3392 4292 necessariis
3458 4226 3523 4290 in
3589 4226 3701 4290 via
3756 4227 4142 4291 ordinandis

941 4332 1008 4393 V
1057 4352 1256 4396 marc.

939 4441 1097 4503 item
1145 4439 1308 4503 feria
1353 4440 1456 4503 VI
1503 4442 1814 4523 proxima
1860 4443 1916 4523 (2
1928 4442 2062 4527 6s6)
2109 4463 2234 4524 pro
2279 4444 2596 4527 expensis
2634 4445 2771 4506 dno
2808 4442 3223 4527 Skirgalloni
3262 4442 3648 4506 ordinandis
3692 4442 3759 4505 in
3799 4441 4139 4517 Cracouia,

939 4549 1027 4611 ad
1073 4568 1312 4611 manus
1357 4549 1745 4611 Thrutlonis
1790 4549 1864 4611 X
1903 4570 2104 4613 marc.

938 4656 1097 4718 item
1166 4656 1640 4738 Pyenanzconi
1704 4676 1827 4739 pro
1891 4677 2086 4740 equ0‚
2151 4678 2352 4739 quem
2417 4658 2592 4721 dnus
2658 4659 2825 4722 Rex
2891 4658 3071 4740 apud
3134 4658 3351 4740 ipsum
3416 4667 3575 4720 ante
3639 4656 3819 4720 viam
3866 4667 4136 4733 emerat,

937 4761 1158 4826 XXV
1207 4784 1406 4826 marc,

933 4871 1092 4933 item
1141 4872 1277 4933 dno
1326 4870 1610 4934 Cristino
1657 4872 1981 4956 magistro
2027 4872 2205 4935 curie
2252 4872 2367 4935 dni
2415 4873 2637 4956 Regis
2682 4874 2768 4935 ad
2814 4872 3217 4935 relacionem
3265 4872 3499 4936 Diuisii
3553 4873 3638 4936 de
3684 4872 4132 4946 Marzanczt'n,

935 4979 1046 5061 qui
1093 4987 1254 5042 tunc
1300 4979 1621 5061 temporis
1667 4999 1756 5042 ex
1821 4989 2010 5061 parte
2077 4980 2192 5042 dni
2255 4980 2476 5064 Regis
2541 4981 2626 5043 de
2691 4978 3147 5064 Nepolomt'cze
3211 4979 3603 5045 Cracouiam
3668 4981 3912 5044 missus
3974 4990 4131 5057 erat,

932 5085 1007 5147 X
1053 5106 1255 5150 mare.

930 5194 1089 5256 item
1138 5192 1656 5257 Swanthoborio
1703 5194 1788 5256 de
1835 5194 2094 5276 Magna
2141 5193 2424 5256 Polonia
2471 5194 2556 5256 ad
2603 5194 3005 5257 relacionem
3045 5194 3160 5256 dni
3195 5193 3630 5279 Sandziuogii
3676 5194 3949 5276 palatini
3986 5194 4130 5257 Ka·

930 5300 1243 5363 lissiensis
1288 5299 1393 5362 III
1440 5320 1641 5363 mare.

929 5406 1086 5479 item
1135 5405 1428 5471 Szadoni
1475 5407 1736 5471 custodi
1783 5408 2268 5472 domiciliorum
2316 5410 2643 5492 regalium
2691 5410 2758 5472 in
2806 5420 3029 5473 castro
3076 5407 3501 5473 Cracouiensi
3547 5408 3663 5471 dni
3709 5408 3779 5472 C.
3826 5408 4129 5473 vicecan-

927 5514 1173 5577 cellarii
1219 5514 1487 5579 racione
1533 5515 1752 5577 salarii
1799 5516 1831 5577 I
1877 5535 2078 5579 marc.
