4592 6559
951 475 1068 549 184
1723 483 2106 549 REJESTRA
2155 484 2740 535 PODSKARmEeo
2786 484 3123 536 Hmczm.
3181 492 3364 552 1394·

1153 682 1437 747 Summa
1482 683 1675 749 CVII
1722 705 1922 749 marc.
1971 685 2184 765 V111s2
2242 706 2333 748 sc.

1153 792 1324 854 Item
1373 792 1934 873 viceprocuratori
1978 791 2405 857 Cracouiensi
2448 813 2572 874 pro
2620 793 3001 856 ordinandis
3047 794 3364 874 expensis
3410 793 3526 855 dni
3574 792 3795 877 Regis
3859 804 3929 857 et
3994 793 4139 857 Re·

940 899 1098 982 gine
1145 899 1232 961 ad
1278 899 1673 962 mandatum
1721 899 1836 963 dni
1881 900 2102 983 Regis
2149 898 2301 961 XX
2348 920 2549 963 marc,

937 1006 1099 1069 item
1167 1005 1606 1069 Hannussoni
1670 1006 2111 1088 dispensatori
2177 1007 2399 1092 Regis
2463 1008 2551 1071 ad
2616 1008 3010 1071 mandatum
3076 954 3375 1071 eiusdem
3444 1008 3559 1071 dni
3624 1008 3845 1093 Regis
3901 1010 4141 1073 vocale

937 1112 1004 1173 V
1053 1134 1255 1176 mare.

937 1220 1096 1284 item
1147 1219 1480 1285 Grzimale
1528 1241 1682 1285 curn
1729 1222 1911 1285 socio
1957 1221 2310 1305 terrigenis
2355 1222 2888 1285 Dobrinensibus
2950 1242 3074 1303 pro
3138 1242 3363 1303 panno
3428 1223 3514 1285 ad
3580 1224 3972 1287 mandatum
4018 1223 4137 1287 dni

939 1328 1162 1413 Regis
1207 1329 1444 1393 vocale
1493 1328 1592 1391 VI
1639 1350 1839 1393 marc.

935 1436 1095 1499 item
1141 1456 1265 1519 pro
1312 1436 1628 1519 expensis
1673 1438 1912 1499 eodem
1960 1436 2120 1519 ipsis
2164 1437 2250 1499 ad
2298 1438 2689 1500 mandatum
2737 1436 2853 1499 dni
2899 1436 3122 1520 Regis
3168 1436 3237 1499 II
3264 1458 3483 1517 marc.

933 1543 1094 1607 item
1143 1545 1279 1607 dno
1327 1542 1602 1609 Sassino
1650 1544 2094 1607 marszalkoni
2139 1544 2227 1606 de
2275 1544 2585 1607 Mazouia
2630 1564 2753 1625 pro
2800 1543 3117 1625 expensis
3155 1544 3240 1605 de
3276 1544 3573 1625 hospicio
3610 1546 3699 1607 ad
3736 1545 4130 1609 mandatum

933 1650 1047 1714 dni
1093 1650 1318 1734 Regis
1364 1650 1431 1711 V
1478 1671 1678 1713 marc.

932 1756 1092 1821 item
1140 1779 1262 1840 pro
1309 1758 1411 1821 III
1459 1758 1638 1822 sellis
1685 1758 2068 1821 vectoribus
2114 1758 2228 1820 dni
2275 1758 2499 1841 Regis
2546 1756 2795 1821 XVIII
2840 1778 2929 1823 se.

930 1866 1090 1929 item
1137 1886 1259 1947 pro
1305 1866 1662 1947 paracione
1709 1866 2193 1949 podcladorum
2239 1868 2329 1929 ad
2374 1866 2649 1929 easdem
2696 1867 2897 1929 sellas
2944 1864 3055 1927 IX
3102 1886 3207 1950 gr.

931 1974 1090 2036 item
1138 1994 1262 2055 pro
1309 1974 1376 2036 II
1423 1974 1696 2055 paribus
1741 1982 2163 2056 strepparum
2211 1974 2315 2035 III
2362 1994 2450 2036 sc.

930 2081 1089 2144 item
1137 2101 1262 2163 pro
1308 2081 1588 2165 corrigis
1634 2082 1720 2143 ad
1767 2082 2038 2144 easdem
2086 2093 2395 2164 streppas
2440 2080 2509 2143 V
2553 2101 2643 2143 sc.

931 2192 1093 2253 item
1139 2209 1262 2270 pro
1307 2188 1633 2251 ferruncis
1680 2198 1748 2251 et
1793 2188 2080 2272 cingulis
2127 2190 2214 2251 ad
2260 2188 2473 2252 dictas
2518 2196 2777 2269 strepas
2822 2187 2960 2251 VII
3006 2208 3104 2271 gr.
3162 2267 3167 2273 ¹

931 2297 1090 2360 item
1139 2316 1262 2379 pro
1295 2294 1646 2381 poprangz‘
1680 2297 1767 2359 ad
1813 2298 2032 2369 sellas,
2077 2298 2204 2359 hoc
2250 2304 2494 2371 tamen,
2544 2316 2705 2379 qum
2743 2296 2917 2359 dnus
2956 2296 3123 2359 Rex
3158 2295 3463 2359 transiuit
3500 2296 3869 2373 Poloniam,
3904 2307 3974 2361 et
4001 2298 4132 2361 alia

933 2403 1148 2485 V111J2
1207 2425 1280 2467 sc
2424 2484 2429 2489 ⁸

930 2512 1090 2575 item
1137 2532 1262 2593 pro
1306 2510 1510 2575 frenis
1557 2511 1809 2575 eisdem
1857 2512 2240 2575 vectoribus
2286 2512 2373 2574 ad
2421 2511 2812 2574 mandatum
2861 2510 3083 2594 Regis
3142 2511 3205 2591 ¹l2
3264 2531 3463 2575 mare.

928 2620 1088 2681 item
1135 2639 1257 2700 pro
1304 2620 1524 2681 resina
1569 2629 1637 2682 et
1681 2618 1970 2703 flagellis
2017 2629 2084 2683 et
2129 2620 2423 2701 ipsorum
2472 2618 2786 2683 finalibus
2832 2619 2920 2681 ad
2965 2619 3332 2700 predictam
3370 2619 3552 2683 viam
3599 2620 3686 2682 ad
3734 2620 4127 2705 mandatum

930 2727 1046 2790 dni
1091 2726 1314 2810 Regis
1360 2727 1393 2790 I
1437 2748 1640 2789 mare.
1689 2725 1755 2787 V
1793 2748 1881 2791 sc.

928 2835 1087 2897 item
1135 2854 1258 2917 pro
1304 2834 1371 2895 V
1417 2834 1606 2917 equis
1651 2834 2004 2898 vectilibus
2050 2834 2307 2916 emptiS,
2356 2834 2634 2917 quilibet
2678 2854 2801 2915 per
2845 2833 2911 2895 V
2926 2834 2989 2915 ¹l2
3049 2854 3250 2898 marc.
3296 2832 3590 2898 XXVII
3604 2834 3666 2917 ΙΙ,
3724 2854 3926 2898 marc.

1141 2940 1426 3005 Summa
1469 2940 1778 3004 LXVIII
1825 2962 2026 3006 marc.
2075 2941 2295 3005 XXII
2343 2962 2433 3005 sc.
2480 2942 2512 3003 I
2560 2962 2659 3025 gr.

1141 3048 1314 3112 Item
1361 3069 1485 3131 pro
1531 3047 1633 3111 IV
1680 3048 2076 3112 staminibus
2119 3050 2253 3111 tele
2301 3049 2665 3130 solempnis
2712 3050 2798 3113 de
2848 3050 3029 3133 Zeyd
3095 3050 3183 3111 ad
3231 3049 3728 3113 emendandum
3776 3050 4126 3135 pologium

929 3154 1045 3219 dni
1093 3154 1314 3239 Regis
1359 3154 1532 3218 VIII
1581 3176 1780 3219 mare.

927 3262 1087 3326 item
1133 3260 1301 3326 feria
1347 3261 1413 3323 V
1461 3263 1771 3345 sequenti
1819 3262 2020 3347 (12l3)
2067 3263 2630 3346 viceprocuratori
2678 3262 3102 3329 Cracouiensi
3157 3283 3282 3345 pro
3328 3264 3775 3346 conparandis
3820 3285 4127 3328 necessa-

929 3370 1041 3433 riis
1087 3370 1224 3433 dno
1270 3370 1458 3453 Regi
1504 3380 1573 3434 et
1618 3370 1896 3455 Regine
1941 3370 2075 3433 XL
2119 3391 2321 3435 mare.

927 3478 1088 3542 item
1138 3478 1417 3540 Andree
1460 3477 1743 3541 swecznt'
1775 3478 2075 3559 predicto
2113 3498 2236 3559 pro
2273 3478 2589 3559 expensis
2628 3477 2935 3561 Procopii
2972 3478 3370 3543 marchionis
3410 3479 3795 3563 ordinandis
3822 3482 3909 3543 ad
3938 3500 4127 3545 man-

928 3586 1160 3649 datum
1211 3585 1433 3669 Regis
1477 3584 1612 3646 XL
1659 3588 1860 3648 marc,

927 3693 1085 3756 item
1132 3712 1254 3774 pro
1301 3712 1594 3775 purpura
1640 3693 1797 3755 data
1841 3692 2086 3756 nuncio
2132 3692 2321 3756 ducis
2367 3693 2452 3756 de
2500 3693 2912 3778 Makelburg
2957 3695 3044 3758 ad
3090 3695 3483 3757 mandatum
3548 3694 3663 3758 dni
3728 3684 3951 3779 Regis
4010 3716 4127 3757 vo-

928 3800 1071 3863 cale
1118 3799 1220 3861 VI
1267 3820 1467 3862 marc.

925 3907 1086 3971 item
1135 3906 1352 3970 eidem
1401 3906 1645 3970 nuncio
1692 3908 1776 3970 ad
1825 3908 2218 3970 mandatum
2267 3907 2383 3970 dni
2431 3907 2653 3991 Regis
2700 3908 2774 3969 X
2820 3928 3020 3971 marc.

925 4014 1084 4077 item
1149 4034 1273 4096 pro
1338 4014 1650 4096 expensis
1715 4014 2041 4077 consortis
2112 4014 2303 4077 ducis
2376 4012 2737 4079 Semkonis
2802 4015 2890 4077 ad
2954 4015 3348 4078 mandatum
3415 4014 3529 4078 dni
3596 4014 3815 4099 Regis
3890 4018 4127 4079 vocale

925 4121 1154 4185 XXX
1201 4142 1401 4185 mare.
2855 4188 2861 4199 ,

922 4228 1083 4292 item
1130 4250 1253 4311 pro
1298 4228 1427 4292 filis
1474 4228 1642 4293 albis
1689 4230 1777 4292 ad
1822 4226 2324 4292 reformandum
2373 4230 2721 4313 pologium
2769 4229 2872 4292 III
2920 4250 3020 4313 gr.

923 4336 1082 4400 item
1131 4356 1253 4418 pro
1301 4334 1555 4399 maderz
1600 4338 1687 4399 ad
1735 4337 2194 4401 consuendum
2243 4346 2495 4399 mattas
2540 4337 2607 4400 II
2655 4358 2744 4400 sc.
2778 4386 2781 4391 .

1137 4442 1332 4507 Feria
1376 4455 1574 4506 sexta
1618 4443 1925 4525 sequenti
1972 4444 2173 4527 (13s3)
2221 4443 2379 4506 item
2428 4443 2839 4507 Oleschnoni
2900 4444 3221 4507 Rutheno
3284 4464 3406 4526 pro
3470 4442 3860 4515 semorum,
3933 4442 4122 4529 beyn·

912 4550 1236 4634 gwantht}
1282 4550 1512 4634 scorky
1556 4551 1642 4613 ad
1689 4552 2080 4614 mandatum
2130 4552 2352 4635 Regis
2400 4552 2502 4615 III
2517 4554 2579 4633 ¹l2
2638 4572 2839 4615 mare.

921 4658 1079 4720 item
1127 4658 1465 4721 Mikulcze
1511 4658 1840 4721 Rutheno
1887 4678 2009 4740 pro
2052 4657 2300 4721 schlam
2365 4669 2434 4722 et
2488 4658 2715 4743 gcynk
2779 4661 2866 4722 ad
2930 4660 3320 4723 mandatum
3370 4659 3486 4722 dni
3534 4659 3756 4744 Regis
3802 4660 3868 4721 II
3917 4680 4117 4723 marc.

918 4765 1077 4828 item
1127 4764 1404 4829 Malofio
1451 4764 1711 4828 notario
1757 4784 1910 4827 cum
1958 4766 2099 4827 aliis
2147 4765 2485 4829 Ruthenis
2530 4786 2653 4847 pro
2701 4767 3143 4849 exempcione
3208 4768 3293 4830 de
3338 4766 3634 4849 hospicio
3699 4767 3784 4829 ad
3842 4768 4115 4831 manda-

917 4881 1060 4936 tum
1110 4872 1330 4955 Regis
1374 4872 1442 4935 ΙΙ
1490 4892 1688 4934 marc.

917 4980 1072 5041 item
1124 4979 1462 5042 Mikulcze
1508 4979 1808 5060 predicto
1857 4980 2180 5043 Rutheno
2219 5001 2341 5061 pro
2380 4980 2619 5043 balista
2660 4953 2809 5044 curn
2852 4981 3227 5045 attinenciis
3264 4981 3349 5043 ad
3389 4982 3778 5071 mandatum
3820 4982 3933 5044 dni
3974 4982 4111 5045 Re-

919 5088 1023 5169 gis
1069 5088 1178 5168 11],ἒ
1238 5107 1436 5150 marc.

1129 5193 1412 5257 Summa
1458 5194 1648 5258 CXI
1649 5194 1751 5256 III
1799 5214 1997 5277 marc.
2044 5164 2182 5258 VII
2221 5216 2322 5279 gr.

1037 5346 1040 5351 -
1129 5301 1298 5363 Item
1339 5302 1702 5385 Woynoni
1747 5321 1871 5383 pro
1917 5302 2286 5385 strigilibus
2336 5303 2401 5364 11
2450 5323 2537 5365 se.

915 5408 1071 5471 item
1119 5429 1241 5490 pro
1288 5430 1486 5472 sacco
1533 5408 1748 5471 eidem
1799 5430 1920 5491 pro
1969 5409 2250 5491 digiario
2300 5410 2399 5471 III
2450 5431 2547 5493 gr.

915 5516 1072 5579 item
1125 5516 1457 5579 Panasoni
1502 5516 1873 5579 balneatori
1919 5536 2043 5597 pro
2091 5516 2496 5579 consucione
2544 5517 2699 5598 palii
2750 5516 2775 5578 I
2824 5538 2913 5579 sc.

913 5624 1071 5685 item
1121 5644 1240 5704 pro
1280 5623 1749 5686 enucleacione
1788 5643 2034 5686 nucum
2075 5626 2527 5697 auelanarum,
2566 5626 2650 5685 de
2690 5626 2931 5705 quibus
2964 5624 3187 5685 oleum
3206 5625 3437 5715 ‚parari
3468 5626 3778 5698 debebat,
3806 5623 3978 5687 VIII
4009 5645 4105 5715 gr.
