4592 6559
974 496 1101 555 240
1620 485 1999 551 REJESTRA
2047 485 2562 548 PoDRzEc‘rWA
2610 471 3267 536 KonczYNsmEGo.
3324 491 3505 551 1394.

968 700 1162 752 aceto
1209 698 1277 750 et
1323 708 1486 770 cepe
1535 687 1602 749 ΙΙ
1649 688 1831 762 scoti,
1883 707 2004 769 pro
2048 687 2459 769 petrozelino
2507 688 2537 750 Ι
2585 699 2797 770 quart.
2845 687 3036 768 panis
3092 686 3369 770 siliginis
3416 685 3481 746 V
3498 688 3559 766 {¹2
3618 707 3854 770 sexag.
3902 707 4169 767 compa-

967 807 1129 871 rata,
1177 795 1454 860 ceruisie
1501 791 1604 857 ΠΙ
1651 795 1942 858 octualia
1986 795 2272 876 propria,
2321 795 2495 858 vitra
2540 795 2722 876 prius
2769 804 3013 876 empta.

1182 903 1302 966 Ad
1349 902 1859 965 distribuciones
1907 903 2259 987 generales
2308 901 2607 965 Lituanis
2654 922 2827 964 vnus
2875 903 3015 977 bos,
3064 901 3297 984 pisum,
3364 902 3638 966 mileum
3685 901 3867 985 prius
3926 908 4170 983 empta,

969 1013 1068 1074 sal
1115 1011 1474 1093 proprium,
1524 1011 1802 1074 ceruisie
1847 1010 1952 1072 IV
1999 1011 2290 1074 octualia
2338 1010 2621 1092 propria.

1183 1119 1356 1181 Duci
1405 1119 1683 1181 Andree
1729 1120 1814 1182 ad
1863 1128 2072 1182 totam
2122 1119 2300 1182 diem
2348 1119 2413 1180 in
2461 1119 2710 1201 paratis
2748 1118 2857 1180 IX
2894 1117 3081 1191 scoti,
3128 1137 3250 1199 pro
3289 1117 3445 1180 albo
3482 1137 3657 1200 pane
3688 1116 3719 1178 I
3750 1137 3850 1200 gr.
3888 1115 4167 1179 ceruisie

983 1227 1044 1306 ΙΙΙ,
1104 1226 1368 1289 octuale
1417 1225 1776 1308 proprium.

1184 1333 1341 1395 Dno
1389 1333 1578 1416 Regi
1623 1335 1710 1396 ad
1757 1353 2028 1396 cenam:
2078 1336 2202 1396 bos
2249 1334 2433 1416 prius
2480 1343 2763 1416 emptuS‚
2810 1353 2932 1414 pro
2979 1335 3244 1396 duobus
3290 1332 3605 1395 arietibus
3644 1331 3777 1394 VII
3815 1330 4001 1406 scoti,
4050 1349 4168 1411 pro

970 1441 1070 1504 IV
1118 1441 1377 1525 sugillis
1422 1440 1488 1502 V
1537 1460 1636 1524 gr.
1670 1441 1752 1503 'II
1799 1442 1947 1504 den.
1996 1461 2118 1524 pro
2165 1441 2301 1503 LX
2347 1442 2544 1524 pullis
2591 1462 2709 1523 per
2756 1441 2831 1503 X
2878 1443 3029 1504 den.
3076 1439 3325 1503 XVIII
3390 1440 3555 1503 scoti
3621 1439 3652 1501 I
3699 1460 3800 1524 gr.
3866 1439 3899 1501 Ι
3956 1448 4167 1520 quart.

968 1549 1136 1612 lardi
1183 1550 1314 1611 due
1363 1568 1568 1630 perne
1615 1549 1798 1630 prius
1846 1558 2086 1631 empte,
2135 1568 2258 1630 pro
2308 1546 2472 1612 CCC
2521 1548 2667 1612 ouis
2714 1549 2823 1610 IX
2862 1569 2962 1631 gr.
3010 1569 3132 1631 pro
3163 1548 3343 1610 XIII
3373 1547 3587 1610 caseis
3624 1547 3655 1608 Ι
3686 1557 3851 1610 scot.
3880 1546 3991 1609 IX
4020 1547 4167 1608 den.

968 1677 1092 1738 pro
1139 1657 1207 1719 11
1253 1655 1400 1720 ollis
1446 1655 1646 1718 butiri
1693 1655 1760 1716 V
1808 1676 1906 1739 gr.
1954 1676 2076 1737 pro
2122 1656 2363 1718 boletis
2410 1657 2512 1719 ΙΙΙ
2560 1677 2659 1740 gr.
2708 1677 2829 1738 pro
2876 1657 3179 1720 caulibus
3226 1655 3406 1736 ΙΙΙῑΙ2
3466 1677 3565 1740 gr.
3622 1676 3745 1738 pro
3792 1656 3949 1720 albo
3996 1673 4167 1736 pane

969 1763 1037 1826 11
1084 1764 1270 1838 scoti,
1317 1784 1440 1845 pro
1489 1764 1660 1826 lacte
1707 1775 1776 1826 et
1823 1783 2050 1827 crema
2096 1763 2162 1824 V
2210 1784 2309 1847 gr.
2376 1785 2498 1846 pro
2546 1774 2753 1838 acet0,
2821 1785 2985 1845 cepe
3033 1775 3102 1826 et
3146 1763 3559 1845 petrozelino
3605 1763 3708 1825 III
3756 1782 3855 1847 gr.
3903 1761 3971 1824 H
4018 1761 4165 1823 den.

969 1873 1158 1954 panis
1205 1871 1485 1954 siliginis
1531 1870 1700 1934 VIII
1746 1891 1987 1956 sexag.
2035 1881 2190 1934 ante
2237 1881 2642 1954 comparate.
2690 1871 2967 1936 ceruisie
3014 1871 3117 1934 III
3164 1871 3454 1934 octualia
3498 1870 3783 1953 propria.

1181 1980 1334 2042 Dne
1381 1979 1656 2063 Regine
1693 1980 1780 2042 ad
1809 1999 2073 2043 cenam:
2123 1999 2331 2041 vacca
2376 1979 2559 2060 prius
2606 1990 2849 2060 empta,
2896 2000 3020 2061 pro
3068 1979 3134 2042 II
3172 1979 3490 2042 arietibus
3518 1978 3653 2040 VII
3692 1977 3877 2051 scoti,
3915 1997 4037 2058 pro
4066 1975 4165 2038 IV

969 2087 1226 2171 sugillis
1274 2087 1338 2147 V
1388 2107 1488 2172 gr.
1535 2087 1602 2149 II
1651 2088 1800 2149 den.
1848 2107 1971 2169 pro
2018 2087 2151 2149 LX
2199 2086 2398 2168 pullis
2445 2085 2695 2148 XVIII
2760 2087 2926 2149 scoti
2992 2087 3023 2148 Ι
3071 2107 3169 2170 gr.
3219 2087 3252 2150 I
3298 2107 3481 2168 quar.
3548 2086 3716 2148 lardi
3761 2087 3897 2150 due
3960 2103 4167 2166 perne

969 2196 1150 2276 prius
1197 2205 1438 2277 empte,
1487 2215 1607 2276 pro
1657 2193 1822 2258 CCC
1870 2195 2013 2256 ouis
2061 2194 2169 2256 IX
2218 2216 2317 2278 gr.
2383 2215 2506 2274 pro
2553 2194 2732 2256 XIII
2780 2194 2992 2257 caseis
3057 2194 3087 2256 I
3136 2205 3298 2256 scot.
3346 2194 3455 2256 IX
3501 2194 3649 2256 den.
3719 2213 3840 2274 pro
3906 2189 3975 2253 Π
4022 2190 4167 2253 ollis

969 2301 1169 2365 butiri
1215 2301 1282 2362 V
1332 2322 1430 2386 gr.
1497 2322 1617 2382 pro
1665 2301 1906 2364 boletis
1953 2300 2055 2362 III
2104 2321 2204 2384 gr.
2267 2322 2391 2382 pro
2455 2301 2761 2364 caulibus
2828 2301 3005 2381 111¹ss
3066 2322 3167 2386 gr.
3230 2321 3353 2382 pro
3423 2302 3579 2362 albo
3642 2321 3819 2382 pane
3868 2300 3936 2362 II
3982 2299 4165 2372 scoti,

968 2431 1092 2491 pro
1140 2412 1312 2473 lacte
1359 2421 1426 2471 et
1472 2429 1695 2470 crema
1741 2408 1807 2470 V
1856 2429 1954 2493 gr.
2001 2429 2125 2490 pro
2173 2408 2429 2471 cancris
2477 2407 2541 2468 V
2560 2409 2619 2488 ¹J2
2690 2429 2789 2492 gr.
2837 2429 2958 2489 pro
3006 2419 3215 2482 acet0,
3284 2428 3449 2490 cepe
3496 2418 3565 2471 et
3610 2408 4019 2490 peti-ozelino
4065 2407 4167 2469 III

970 2538 1069 2601 gr.
1119 2517 1186 2580 ΙΙ
1234 2517 1383 2579 den.
1428 2517 1620 2599 panis
1667 2516 1946 2599 siliginis
1993 2515 2060 2576 V
2107 2537 2341 2600 sexag.
2390 2530 2545 2579 ante
2604 2527 3007 2598 comparate,
3074 2517 3351 2580 ceruisie
3398 2515 3499 2578 III
3546 2515 3839 2579 octualia
3884 2515 4166 2598 propria,

968 2646 1091 2707 pro
1137 2624 1283 2686 XII
1331 2643 1540 2686 mens
1589 2644 1802 2686 auene
1851 2624 2040 2705 equis
2087 2624 2202 2685 dni
2250 2624 2487 2706 Regis,
2554 2625 2923 2706 quamlibet
2990 2644 3370 2688 mensuram
3437 2643 3555 2705 per
3619 2623 3723 2686 III
3789 2632 3953 2685 scot.
4007 2622 4167 2686 reci·

968 2733 1231 2814 piend0,
1279 2731 1438 2794 facit
1486 2730 1595 2812 1¹!2
1654 2752 1814 2794 mar.
1880 2750 2002 2813 pro
2051 2730 2227 2793 XIV
2287 2753 2496 2795 menS.
2562 2752 2777 2794 auene
2842 2733 3031 2814 equis
3097 2734 3226 2795 dne
3292 2732 3565 2816 Regine
3632 2730 3960 2813 equaliter
4004 2730 4167 2794 reci-

967 2841 1234 2922 piendo,
1281 2839 1312 2900 1
1363 2859 1524 2902 mar.
1573 2837 1822 2900 XVIII
1871 2838 2054 2912 scoti,
2102 2837 2330 2901 fenum
2380 2849 2447 2900 et
2495 2839 2803 2923 gramina
2848 2839 3116 2902 fuerunt
3164 2840 3450 2921 propria,
3515 2838 3814 2902 Lituanis
3860 2838 3976 2902 dni
4022 2839 4167 2900 An-

967 2948 1126 3009 dree
1173 2966 1296 3028 pro
1345 2945 1456 3007 IX
1501 2945 1698 3027 pullis
1745 2946 1812 3008 V
1861 2967 1959 3028 gr.
2007 2945 2077 3007 X
2129 2947 2278 3008 den.
2327 2947 2519 3029 panis
2566 2947 2597 3008 I
2646 2967 2876 3030 sexag.
2924 2947 3049 3010 fuit
3094 2947 3376 3029 propria.

1181 3051 1464 3116 Summa
1510 3053 1640 3116 diei
1689 3053 1796 3115 XI
1845 3074 2005 3116 mar.
2053 3053 2196 3115 XII
2245 3056 2412 3117 scoti
2460 3055 2490 3116 I
2540 3075 2637 3138 gr.
2688 3054 2830 3116 XII
2878 3056 3025 3118 den.

1184 3161 1381 3224 Feria
1426 3160 1494 3222 II
1543 3160 1700 3243 (8s6)
1749 3163 1884 3223 dno
1932 3161 2118 3244 Regi
2167 3163 2252 3224 ad
2300 3162 2654 3244 prandium
2704 3163 2769 3223 in
2822 3161 3021 3225 Noua
3066 3163 3364 3225 ciuitate:
3414 3162 3447 3224 Ι
3486 3164 3610 3225 bos
3657 3161 3841 3242 prius
3887 3173 4173 3243 emptuS,

967 3269 1134 3332 lardi
1181 3269 1282 3332 III
1332 3289 1536 3351 perne
1581 3269 1766 3351 prius
1812 3279 2055 3350 empte,
2102 3289 2225 3350 pro
2273 3269 2374 3330 VI
2422 3269 2683 3353 sugillis
2737 3271 2831 3332 VI
2880 3271 3066 3344 scoti,
3111 3290 3234 3353 pro
3272 3269 3513 3332 boletis
3550 3269 3650 3332 VI
3700 3290 3798 3354 gr.
3845 3291 3969 3351 pro
4016 3291 4168 3333 cau-

967 3377 1142 3438 libus
1171 3376 1240 3438 II
1267 3376 1450 3450 scoti,
1482 3397 1602 3457 pro
1632 3377 1898 3439 duobus
1929 3377 2284 3458 (arietibus)
2317 3375 2454 3439 VII
2484 3379 2667 3447 scoti.
2699 3398 2819 3459 pro
2850 3379 3024 3440 lacte
3055 3387 3119 3440 et
3148 3397 3375 3440 crema
3406 3376 3473 3436 V
3504 3399 3603 3462 gr.
3634 3399 3763 3439 oua
3792 3376 3959 3440 CCC
3988 3377 4167 3459 prius

967 3495 1210 3566 empta,
1259 3484 1436 3546 casei
1487 3483 1644 3552 XII,
1696 3485 1894 3546 butiri
1944 3483 2011 3546 II
2059 3486 2188 3546 olle
2237 3485 2421 3566 prius
2468 3495 2710 3568 empte,
2756 3507 2878 3567 pro
2924 3485 3182 3548 cancris
3220 3486 3322 3547 III
3362 3505 3459 3568 gr.
3499 3504 3622 3566 pro
3669 3485 3977 3567 piscibuS,
4014 3485 4167 3567 quia

965 3592 1167 3674 aliqui
1215 3612 1350 3653 non
1399 3592 1837 3654 comederunt
1883 3613 2135 3664 earneS,
2185 3592 2284 3653 VI
2332 3592 2517 3666 scoti,
2584 3613 2706 3675 pro
2772 3595 2927 3655 albo
2992 3613 3167 3674 pane
3216 3592 3315 3654 VI
3362 3613 3461 3675 gr.
3519 3613 3641 3674 pro
3687 3593 3873 3656 aucis
3916 3593 4165 3656 iuueni-

965 3701 1092 3761 bus
1140 3699 1204 3760 V
1254 3719 1350 3781 gr.
1397 3699 1522 3780 pisi
1569 3699 1600 3760 I
1649 3700 1826 3762 chor.
1876 3699 2146 3762 mileum
2199 3699 2380 3781 prius
2428 3711 2670 3781 empta,
2736 3701 2925 3781 panis
2970 3699 3251 3784 siliginis
3296 3699 3432 3761 VII
3480 3720 3715 3784 sexag.
3764 3710 4165 3781 comparate,

966 3805 1242 3868 ceruisie
1290 3805 1390 3867 IV
1443 3805 1728 3869 octualia
1776 3807 2055 3888 propria.

1180 3912 1334 3974 Dne
1392 3913 1666 3996 Regine
1733 3915 1817 3975 ad
1884 3917 2234 3995 prandium
2306 3935 2513 3978 vacca
2580 3915 2761 3996 prius
2824 3925 3068 3996 empta,
3133 3935 3254 3996 pro
3320 3916 3586 3978 duobus
3651 3915 3965 3978 arietibus
4032 3914 4165 3976 VII

963 4021 1148 4094 scoti,
1195 4040 1317 4102 pro
1366 4021 1466 4081 IV
1515 4021 1773 4104 sugillis
1832 4021 1930 4084 IV
1977 4022 2160 4096 scoti,
2229 4023 2397 4084 lardi
2463 4023 2527 4084 ΙΙ
2578 4043 2783 4104 perne
2848 4023 3031 4104 prius
3096 4033 3337 4102 empte,
3403 4022 3565 4103 pulli
3632 4021 3917 4084 LXXX
3984 4023 4165 4104 prius

965 4128 1188 4210 empti,
1254 4148 1376 4209 pro
1441 4129 1680 4191 boletis
1745 4128 1809 4191 II
1867 4130 2052 4200 scoti,
2117 4151 2238 4212 pro
2307 4132 2612 4193 caulibus
2675 4129 2777 4192 III
2827 4150 2923 4213 gr.
2992 4149 3115 4210 pro
3180 4131 3352 4190 lacte
3400 4140 3467 4191 et
3514 4149 3739 4192 crema
3787 4129 3851 4190 V
3900 4149 3998 4212 gr.
4044 4150 4163 4211 pro

964 4236 1220 4298 cancris
1268 4236 1299 4297 I
1346 4245 1508 4298 scot.
1557 4235 1754 4297 butiri
1804 4236 1868 4296 II
1918 4237 2064 4308 olle,
2114 4238 2288 4298 casei
2342 4238 2431 4311 X,
2480 4259 2609 4299 oua
2648 4236 2756 4301 CC
2798 4237 2979 4318 prius
3018 4247 3261 4318 empta,
3308 4256 3431 4317 pro
3469 4239 3625 4299 albo
3662 4258 3837 4319 pane
3876 4238 3944 4300 II
3982 4237 4162 4307 scoti,

961 4342 1172 4406 farine
1220 4345 1372 4406 albe
1421 4344 1452 4405 I
1502 4344 1635 4405 olla
1681 4344 1964 4426 propria,
2032 4364 2154 4425 pro
2220 4345 2630 4426 petrozelino
2680 4345 2710 4405 Ι
2758 4355 2971 4427 quart.
3038 4344 3228 4426 panis
3295 4344 3575 4428 siliginis
3625 4343 3688 4404 V
3734 4365 3971 4430 sexag.
4018 4364 4161 4425 pre-

962 4450 1137 4522 dicti,
1184 4450 1460 4513 ceruisie
1509 4449 1609 4512 III
1659 4450 1947 4512 octualia
1995 4451 2279 4533 propria.

1177 4557 1335 4620 Dno
1382 4556 1690 4620 Witoldo
1757 4559 1969 4620 boues
2025 4558 2126 4620 III
2182 4559 2366 4640 prius
2413 4559 2639 4641 empti,
2699 4580 2821 4640 pro
2880 4560 2982 4621 III
3029 4559 3345 4623 arietibus
3401 4559 3553 4640 X¹l2
3612 4560 3801 4634 scoti,
3846 4561 4015 4623 lardi
4062 4561 4161 4623 IV

961 4683 1168 4745 perne
1214 4665 1397 4744 prius
1443 4673 1682 4745 empte,
1730 4665 1893 4745 pulli
1942 4665 2069 4726 LX
2123 4667 2303 4747 prius
2352 4667 2576 4750 empti,
2640 4667 2762 4748 pisi
2812 4667 2843 4728 I
2892 4668 3066 4729 chor.
3115 4667 3290 4730 milei
3338 4667 3369 4728 Ι
3430 4668 3605 4728 chor.
3670 4667 3855 4748 prius
3918 4679 4159 4749 empta,

960 4771 1116 4834 salis
1156 4771 1187 4834 I
1226 4773 1404 4833 chor.
1433 4771 1624 4853 panis
1662 4771 1734 4832 X
1775 4791 2010 4855 sexag.
2048 4774 2331 4855 propria,
2370 4773 2644 4836 ceruisie
2684 4772 2783 4835 IV
2815 4775 3115 4848 octualia,
3164 4774 3469 4837 medonis
3506 4773 3538 4836 Ι
3576 4775 3839 4837 octuale
3877 4775 4159 4858 propria.

1177 4879 1292 4941 Ad
1358 4878 1868 4941 distribuciones
1931 4881 2281 4962 generales
2348 4881 2661 4943 omnibus
2726 4879 3024 4942 Lituanis
3090 4881 3433 4965 regalibus
3498 4883 3635 4944 duo
3702 4883 3917 4944 boues
3981 4883 4161 4965 prius

960 4989 1185 5068 empti,
1232 4986 1424 5066 panis
1469 4986 1749 5070 siliginis
1799 4988 1870 5049 X
1919 5007 2148 5070 sexag.
2199 4998 2354 5050 ante
2404 4999 2807 5070 comparate,
2856 4987 3133 5050 ceruisie
3184 4988 3283 5049 IV
3324 4988 3611 5051 octualia
3658 4989 3946 5070 propria.

1173 5091 1346 5154 Duci
1392 5093 1672 5155 Andree
1735 5114 1870 5154 vna
1920 5114 2128 5156 vacca
2192 5094 2375 5176 prius
2441 5107 2683 5177 empta,
2750 5115 2871 5176 pro
2937 5095 3089 5156 XX
3155 5095 3355 5177 pullis
3412 5096 3484 5157 X
3533 5115 3633 5179 gr.
3680 5117 3803 5178 pro
3850 5097 4159 5180 piscibu5‚

960 5200 1116 5281 quia
1163 5220 1299 5262 non
1356 5200 1646 5264 comedit
1693 5220 1945 5273 carneS‚
1997 5200 2060 5260 V
2109 5221 2207 5284 gr.
2273 5223 2397 5283 pro
2462 5205 2631 5265 lacte
2698 5213 2763 5264 et
2828 5223 3054 5264 crema
3121 5202 3265 5283 11111,ξ
3326 5223 3424 5286 gr.
3472 5203 3672 5265 butiri
3718 5203 3752 5264 I
3799 5205 3932 5267 olla
3977 5205 4157 5286 prius

960 5318 1203 5389 empta,
1251 5308 1441 5388 panis
1489 5307 1554 5368 II
1602 5327 1839 5390 sexag.
1889 5307 2165 5370 ceruisie
2215 5309 2245 5370 I
2295 5311 2558 5371 octuale
2607 5309 2894 5392 propria.

1172 5415 1330 5477 Dno
1381 5414 1568 5497 Regi
1613 5417 1699 5477 ad
1747 5434 1982 5478 cenam
2033 5417 2155 5476 bos
2202 5415 2385 5496 prius
2432 5427 2715 5499 emptus»,
2780 5418 2947 5480 lardi
3013 5417 3077 5481 11
3128 5439 3334 5500 perne
3382 5439 3565 5501 prlus
3630 5430 3875 5502 empte,
3920 5441 4042 5502 pro
4093 5420 4157 5482 ΙΙ

959 5522 1274 5585 arietibus
1319 5519 1456 5582 VII
1503 5521 1686 5594 scoti,
1731 5542 1854 5602 pro
1901 5521 2001 5582 VI
2049 5522 2310 5606 sugillis
2358 5521 2459 5584 VI
2505 5525 2690 5598 scoti,
2755 5547 2877 5608 pro
2941 5528 3183 5590 boletis
3250 5527 3351 5589 III
3416 5527 3601 5601 scoti,
3667 5547 3790 5608 pro
3854 5528 4156 5590 caulibus

958 5629 1025 5692 II
1072 5628 1256 5702 scoti,
1303 5648 1425 5709 pro
1472 5630 1645 5689 lacte
1692 5641 1759 5689 et
1806 5648 2030 5691 crema
2080 5628 2144 5688 'V
2193 5651 2291 5712 gr.
2342 5651 2472 5692 oua
2519 5629 2701 5705 CCC,
2749 5632 2925 5694 casei
2971 5632 3134 5706 XII,
3181 5633 3473 5696 butirum
3523 5634 3704 5717 prius
3752 5645 3997 5716 empta,
4034 5655 4155 5716 pro
