4592 6559
1054 489 1431 556 REJESTRA
1482 489 1746 554 STACYJ
1793 489 2083 538 DWORU
2130 476 2400 538 KROLA
2449 490 2473 538 1
2524 475 2959 552 KROLOWEJ.
3018 495 3200 553 ¹414·
3595 495 3719 551 453

529 691 918 755 effusionem
970 692 1000 754 I
1048 712 1209 754 mar.
1256 691 1358 753 VI
1408 712 1497 754 sc.
1544 691 1701 752 item
1750 711 1872 774 pro
1919 689 2173 752 XXIV
2224 689 2420 770 pullis
2466 709 2668 770 super
2713 687 3010 751 falcones
3049 686 3150 750 VI
3187 707 3276 751 50.
3322 686 3570 750 familie
3609 685 3724 750 dni

530 799 750 884 Regis
796 801 882 862 ad
928 801 1164 863 horam
1212 819 1413 862 cene:
1461 799 1619 860 item
1665 818 1791 880 pro
1838 797 1939 860 IV
1985 797 2362 860 octualibus
2409 797 2688 860 ceruisie
2735 797 2766 858 Ι
2815 815 2976 858 mar.

737 906 891 970 Dne
955 906 1228 991 Regine
1294 909 1381 970 ad
1446 909 1677 970 horam
1745 927 1944 970 cene:
2011 905 2169 968 item
2234 925 2360 987 pro
2423 905 2491 968 II
2540 905 2913 967 octualibus
2960 902 3235 967 ceruisie
3282 902 3723 966 Wisliciensis

528 1014 704 1077 XIV
752 1034 843 1078 50.

737 1121 1022 1186 Summa
1066 1121 1243 1185 diete
1292 1121 1443 1184 XX
1492 1143 1650 1184 mar.
1698 1118 2007 1206 XXII¹J2
2058 1141 2145 1184 sc.
2196 1121 2304 1183 IX
2352 1121 2502 1184 den.

740 1229 797 1290 F
800 1229 937 1292 eria
984 1229 1085 1291 III
1134 1230 1289 1311 (6s3)
1356 1229 1492 1292 dno
1558 1229 1747 1312 Regi
1810 1232 1895 1292 ad
1963 1229 2354 1311 prandium:
2419 1228 2576 1290 itern
2636 1247 2757 1308 pro
2803 1227 3096 1308 piscibus
3142 1226 3522 1289 recentibus
3569 1245 3722 1288 cum

526 1337 667 1400 aliis
712 1337 993 1419 propriis
1040 1335 1158 1422 11βῖ
1208 1356 1366 1401 mar.
1414 1337 1570 1399 item
1617 1356 1741 1419 pro
1788 1338 1938 1400 oleo
1984 1335 2087 1400 VI
2133 1355 2221 1398 sc,
2267 1336 2427 1397 item
2479 1335 2580 1398 VI
2629 1335 2915 1398 octualia
2962 1333 3238 1398 ceruisie
3287 1332 3725 1396 Wisliciensis

524 1444 806 1527 propria.

736 1551 889 1613 Dne
936 1551 1209 1635 Regine
1256 1555 1343 1615 ad
1390 1553 1777 1634 prandium:
1825 1553 1983 1614 item
2030 1572 2154 1634 pro
2192 1552 2486 1634 piscibus
2530 1551 2910 1614 recentibus
2947 1549 2978 1610 Ι
3018 1568 3178 1612 mar.
3217 1548 3388 1610 VIII
3427 1565 3516 1611 50.
3563 1549 3722 1611 item

524 1679 646 1740 pro
692 1659 842 1721 oleo
888 1659 990 1721 IV
1038 1679 1127 1722 sc.
1175 1659 1338 1723 item
1388 1659 1490 1721 III
1538 1659 1828 1724 octualia
1875 1659 2153 1722 ceruisie
2204 1658 2643 1722 Wisliciensis
2690 1657 2973 1740 propria.

740 1766 913 1829 Duci
960 1765 1452 1830 Szemischoni:
1509 1768 1671 1830 item
1717 1787 1842 1849 pro
1888 1767 2179 1849 piscibus
2223 1766 2605 1830 recentibus
2654 1765 2753 1828 VI
2799 1785 2888 1828 sc.
2935 1765 3094 1827 item
3141 1785 3264 1846 pro
3312 1765 3462 1827 oleo
3516 1764 3586 1826 II
3632 1784 3723 1827 sc.

526 1873 681 1934 item
729 1893 851 1955 pro
903 1875 1147 1936 octuali
1194 1874 1471 1936 ceruisie
1518 1874 1656 1936 VII
1701 1895 1789 1937 sc.

736 1981 910 2043 Duci
956 1981 1280 2048 Mithconi
1343 2002 1497 2044 cum
1545 1983 1899 2046 Romano:
1966 1983 2124 2045 item
2171 2003 2295 2064 pro
2343 1982 2635 2062 piscibus
2701 1981 3079 2044 recentibus
3126 1979 3192 2041 V
3240 2001 3328 2044 50.
3394 1980 3554 2042 item
3601 2000 3723 2063 pro

526 2089 676 2151 oleo
722 2089 755 2150 Ι
800 2109 889 2151 50.
935 2089 1097 2151 item
1144 2109 1265 2171 pro
1313 2089 1557 2154 octuali
1604 2090 1881 2154 ceruisie
1926 2089 2027 2151 VI
2074 2110 2164 2153 sc.

738 2195 1261 2260 Marschalconi:
1327 2197 1487 2260 item
1535 2217 1657 2280 pro
1705 2197 1997 2280 piscibus
2042 2197 2422 2262 recentibus
2467 2196 2571 2259 VI
2617 2217 2707 2259 sc,
2773 2196 2930 2258 item
2977 2209 3112 2278 pro·
3145 2197 3296 2258 oleo
3345 2195 3378 2258 I
3425 2215 3514 2259 sc.
3560 2196 3720 2259 item

527 2323 646 2385 pro
694 2305 939 2367 octuali
987 2304 1263 2368 ceruisie
1309 2305 1413 2368 VI
1460 2326 1548 2368 se.

738 2411 1339 2476 Vicecancellarioz
1386 2413 1546 2475 item
1593 2433 1715 2496 pro
1761 2413 2053 2494 piscibus
2100 2413 2478 2475 recentibus
2517 2412 2615 2474 VI
2654 2432 2742 2475 sc.
2789 2411 2948 2474 item
2995 2431 3120 2493 pro
3167 2411 3316 2472 oleo
3355 2410 3388 2473 I
3425 2431 3514 2474 50.
3560 2410 3720 2473 item

524 2538 645 2600 pro
692 2520 938 2583 octuali
985 2520 1261 2584 ceruisie
1312 2519 1445 2582 VII
1492 2541 1581 2584 50.

735 2626 1356 2692 Vicethezaurario:
1422 2629 1581 2690 item
1646 2649 1769 2710 pro
1834 2628 2126 2709 piscibus
2190 2628 2574 2691 recentibus
2619 2627 2721 2690 IV
2766 2648 2854 2690 50.
2919 2627 3080 2690 item
3146 2647 3268 2708 pro
3334 2628 3486 2689 oleo
3553 2626 3584 2688 1
3631 2645 3723 2690 50.

523 2733 681 2796 item
728 2754 852 2816 pro
899 2734 1145 2797 octuali
1191 2735 1467 2800 ceruisie
1514 2734 1651 2797 VII
1698 2755 1787 2798 se.

736 2840 894 2904 Dno
944 2843 1290 2906 Zawissioz
1338 2843 1498 2906 item
1546 2864 1668 2926 pro
1714 2844 2007 2926 piscibus
2054 2843 2432 2906 recentibus
2482 2843 2579 2904 VI
2627 2863 2716 2905 50.
2764 2843 2924 2905 item
2973 2863 3096 2924 pro
3143 2843 3295 2904 oleo
3342 2843 3374 2904 I
3421 2862 3510 2904 se.
3559 2842 3720 2904 item

522 2969 644 3032 pro
691 2950 935 3014 octuali
982 2951 1260 3014 ceruisie
1306 2951 1443 3012 VII
1488 2972 1579 3014 sc,

737 3057 895 3120 Dno
942 3058 1521 3142 Budzyszowsky:
1571 3059 1728 3121 item
1776 3079 1899 3141 pro
1945 3058 2239 3140 piscibus
2285 3059 2666 3121 recentibus
2713 3058 2815 3119 VI
2861 3078 2950 3121 sc.
2997 3057 3158 3122 item
3205 3077 3329 3140 pro
3375 3058 3526 3120 oleo
3564 3057 3597 3119 1
3633 3077 3723 3120 50.

522 3163 683 3227 item
730 3186 852 3247 pro
899 3167 1142 3230 octuali
1193 3167 1471 3230 ceruisie
1518 3167 1655 3230 VII
1702 3187 1791 3230 sc.

736 3273 892 3335 Dno
940 3272 1276 3338 Stanislao
1323 3295 1477 3336 cum
1518 3275 1745 3354 Jawor
1780 3275 2133 3338 Bohemis:
2183 3275 2344 3337 item
2381 3295 2503 3357 pro
2540 3274 2835 3356 piscibus
2879 3274 3262 3337 recentibus
3298 3271 3401 3336 VI
3439 3293 3527 3335 se.
3565 3271 3724 3335 item

524 3398 645 3458 pro
692 3381 841 3442 oleo
888 3380 919 3442 1
967 3402 1059 3444 50.
1106 3381 1264 3444 item
1315 3401 1435 3463 pro
1483 3382 1726 3444 octuali
1773 3382 2049 3445 ceruisie
2096 3382 2232 3444 VII
2278 3403 2369 3444 sc.

736 3485 893 3549 Dno
942 3487 1373 3552 Wolczconi:
1422 3489 1579 3552 item
1629 3509 1750 3571 pro
1796 3490 2089 3570 piscibus
2136 3489 2238 3551 ΙΙΙ
2286 3511 2377 3552 50.
2443 3489 2599 3552 item
2649 3509 2770 3570 pro
2817 3489 2967 3551 oleo
3014 3488 3046 3550 I
3095 3509 3194 3572 gr.
3259 3488 3418 3550 item
3466 3507 3589 3569 pro
3643 3486 3720 3572 1βῖ

522 3594 769 3657 octuali
814 3595 1093 3658 ceruisie
1140 3595 1329 3682 1111βῖ
1380 3617 1469 3660 50.

736 3701 892 3764 Dno
939 3703 1349 3767 Manziconi:
1398 3704 1557 3767 item
1606 3725 1727 3786 pro
1774 3704 2064 3786 piscibus
2109 3705 2211 3766 III
2259 3725 2348 3766 50.
2395 3704 2554 3766 item
2602 3724 2724 3786 pro
2763 3706 2914 3766 oleo
2951 3701 3071 3788 11βῖ
3114 3723 3212 3787 gr.
3260 3704 3419 3767 item
3467 3722 3588 3785 pro
3641 3699 3720 3786 1βῖ

523 3808 769 3870 octuali
816 3811 1091 3873 ceruisie
1140 3809 1329 3896 1111βῖ
1376 3832 1467 3876 50.

738 3916 1113 3999 Capellanis
1159 3939 1313 3982 cum
1362 3919 1667 3983 notariis:
1715 3920 1871 3982 item
1922 3940 2043 4002 pro
2092 3920 2386 4002 piscibus
2433 3918 2500 3980 V
2545 3939 2633 3982 50.
2679 3919 2840 3982 item
2886 3939 3010 4000 pro
3056 3920 3207 3982 oleo
3255 3916 3374 4002 11βῖ
3424 3937 3514 3980 se.
3561 3917 3720 3980 item

523 4043 643 4104 pro
690 4025 936 4087 octuali
982 4027 1263 4088 ceruisie
1308 4027 1445 4089 VII
1491 4048 1579 4090 50.

740 4131 1073 4216 Magistro
1138 4132 1480 4217 Stephano
1545 4155 1700 4198 cum
1766 4135 2093 4219 magistro
2148 4135 2440 4214 Jacoboz
2507 4135 2665 4197 itern
2715 4155 2835 4216 pro
2883 4135 3175 4216 piscibus
3223 4132 3377 4218 111βῖ
3426 4154 3515 4195 se.
3561 4133 3722 4196 item

526 4257 647 4320 pro
695 4240 844 4301 oleo
890 4238 922 4301 Ι
970 4261 1071 4323 gr.

732 4347 1040 4427 Janussio
1088 4350 1377 4412 doctori:
1424 4351 1583 4413 item
1631 4370 1755 4431 pro
1801 4349 2091 4432 piscibus
2138 4351 2170 4412 I
2217 4370 2307 4413 sc.
2355 4351 2511 4413 item
2561 4371 2684 4432 pro
2730 4351 2881 4414 oleo
2929 4351 2960 4412 1
3010 4371 3106 4433 gr.

738 4455 1015 4519 Incisori
1061 4457 1603 4541 Medzweczsky:
1652 4459 1809 4520 item
1858 4479 1979 4540 pro
2025 4457 2318 4540 piscibus
2364 4457 2482 4543 11βῖ
2531 4478 2621 4521 50.
2670 4458 2828 4520 item
2875 4478 2996 4541 pro
3045 4459 3194 4520 oleo
3242 4457 3275 4518 I
3321 4477 3408 4520 sc.

739 4562 897 4625 Dno
946 4563 1274 4626 Henrico:
1323 4566 1481 4627 item
1528 4586 1650 4648 pro
1697 4565 1991 4647 piscibus
2037 4564 2155 4651 11βῖ
2205 4587 2294 4629 50.
2342 4566 2502 4628 item
2551 4587 2672 4647 pro
2720 4568 2870 4628 oleo
2916 4565 2949 4628 I
2997 4586 3097 4649 gr.
3623 4625 3651 4639 ,,

738 4669 1199 4734 Racussanom
1254 4693 1404 4736 curn
1438 4672 1884 4758 ,ffranczusszlr
1902 4697 1926 4734 .·
1987 4673 2143 4736 item
2192 4694 2316 4755 pro
2363 4673 2653 4756 piscibus
2700 4673 2801 4735 IV
2848 4694 2934 4737 se.
2983 4674 3142 4735 item
3186 4692 3308 4754 pro
3355 4673 3506 4735 oleo
3553 4672 3584 4733 I
3632 4691 3723 4734 50.

524 4777 681 4839 item
730 4797 852 4860 pro
901 4780 1144 4842 octuali
1192 4781 1467 4844 ceruisie
1520 4781 1652 4842 VII
1698 4802 1789 4843 50.

739 4885 1056 4949 Andreas
1103 4887 1459 4971 Vngarus:
1507 4888 1665 4951 item
1716 4909 1839 4970 pro
1886 4888 2176 4971 piscibus
2222 4888 2602 4950 recentibus
2640 4887 2776 4951 VII
2823 4908 2912 4952 sc.
2961 4889 3119 4950 item
3168 4908 3290 4969 pro
3339 4888 3486 4950 oleo
3526 4887 3593 4949 11
3631 4907 3720 4949 50.

522 4992 681 5055 item
728 5013 850 5075 pro
896 4994 1141 5058 octuali
1190 4995 1465 5058 ceruisie
1514 4995 1649 5058 VII
1694 5016 1785 5058 sc.

739 5099 910 5163 Item
940 5100 1233 5164 Alberto
1262 5121 1417 5164 cum
1458 5103 1792 5166 Petrassio
1833 5105 1993 5185 (pro)
2023 5103 2304 5186 dyariis:
2353 5123 2476 5186 pro
2515 5104 2808 5186 piscibus
2844 5102 3033 5190 1111βῖ
3073 5125 3162 5168 50.
3199 5104 3358 5167 item
3398 5124 3520 5187 pro
3567 5105 3721 5165 oleo

526 5207 556 5268 I
604 5219 766 5271 scot.

737 5315 945 5379 Ducis
992 5316 1407 5399 Sigismundi
1454 5317 1737 5401 familie:
1784 5319 1944 5380 item
1993 5339 2115 5401 pro
2159 5318 2454 5400 piscibus
2500 5319 2568 5382 II
2615 5341 2704 5384 sc,
2749 5319 2909 5382 item
2955 5340 3079 5401 pro
3126 5322 3277 5382 oleo
3325 5320 3358 5382 1
3405 5341 3505 5403 gr.

739 5422 1072 5486 Omnibus
1117 5423 1513 5488 falconistis:
1560 5425 1719 5487 item
1768 5446 1887 5507 pro
1935 5426 2225 5508 piscibus
2272 5427 2655 5490 recentibus
2701 5426 2843 5489 XV
2891 5447 2977 5490 50.
3043 5429 3202 5491 item
3249 5448 3372 5510 pro
3420 5430 3572 5491 oleo
3620 5429 3720 5490 ΙΙΙ

526 5551 613 5593 sc.
660 5529 817 5592 item
864 5552 989 5615 pro
1037 5533 1280 5595 octuali
1328 5532 1604 5595 ceruisie
1653 5532 1787 5594 VII
1835 5553 1922 5596 se.
