4592 6559
1047 510 1433 577 REJESTRA
1480 512 1997 575 PoDRzsscrwA
2040 512 2728 565 NIEPOLOMSKJEGO.
2786 506 2967 579 1389-
3577 521 3610 578 5

406 712 469 771 V
479 712 629 797 11¹]2
683 734 781 797 gr.
866 712 1119 775 Iterum
1167 714 1421 775 lumina
1484 714 1751 795 propria
1797 734 1919 795 pro
1985 713 2295 775 omnibus
2362 714 2601 797 diarijs.
2689 714 2940 777 Iterum
2997 712 3074 799 ¹l2
3124 716 3252 795 lap.
3301 715 3441 796 sepi
3488 734 3610 796 pro

404 820 643 902 lampis
692 830 758 883 et
804 841 926 901 pro
973 822 1079 883 die
1147 822 1451 884 crastina.
1546 820 1664 883 Ad
1730 820 2241 883 distribuciones
2307 842 2634 903 equorum
2684 820 2973 883 XXIIII
3023 841 3229 883 mens.
3279 826 3494 885 aue‘ne
3541 831 3609 885 et

404 927 630 990 fenum
679 928 959 1009 propria.
2973 935 3008 943 ’“

620 1036 736 1099 Ad
782 1046 994 1099 totam
1045 1038 1220 1099 diem
1270 1036 1543 1099 domino
1588 1037 2003 1119 procuratori
2044 1046 2110 1099 et
2148 1036 2714 1118 viceprocuratori
2763 1056 2914 1098 cum
2954 1033 3203 1098 familia
3250 1036 3605 1098 castrensi:

406 1164 659 1210 carnes.
706 1144 888 1225 pulli,
936 1144 1175 1225 pisum,
1223 1145 1493 1207 mileum
1562 1154 1629 1207 et
1676 1144 1866 1225 panis
1931 1144 2231 1226 propria;
2296 1164 2420 1226 pro
2468 1144 2498 1207 Ι
2548 1143 2834 1226 quai-tali
2881 1142 3160 1205 ceruisie
3207 1142 3417 1206 ciuilis
3463 1140 3606 1207 XV

406 1260 565 1313 scot.
616 1252 748 1313 Pro
794 1252 984 1335 equis
1033 1252 1101 1315 II
1148 1273 1354 1315 mens.
1403 1273 1635 1315 auene.

618 1359 903 1421 Summa
950 1360 1101 1442 dieij
1149 1360 1251 1423 VI
1299 1381 1499 1423 mare.
1548 1360 1614 1421 V
1662 1370 1823 1423 scot.
1874 1361 1903 1423 Ι
1952 1382 2052 1445 gr.
2101 1382 2317 1423 auene
2365 1360 2619 1423 XXVI
2669 1380 2998 1422 mensure.

620 1466 814 1529 Feria
860 1469 1159 1531 secunda
1205 1467 1405 1549 (11s1)
1453 1470 1539 1529 ad
1586 1468 1938 1550 prandium
1988 1468 2258 1530 domine
2307 1468 2581 1551 Regino
2629 1488 2781 1531 cum
2831 1488 2954 1530 sua
3000 1465 3215 1530 curia:
3263 1486 3386 1548 pro
3425 1464 3455 1527 Ι
3495 1486 3606 1546 pe·

404 1592 559 1635 core
608 1571 873 1658 XIII'J2
924 1584 1085 1637 scot.
1132 1595 1255 1655 pro
1301 1574 1332 1637 I
1380 1596 1585 1657 porco
1634 1575 1777 1638 XII
1824 1585 1986 1637 scot.
2034 1596 2157 1657 pro
2206 1576 2338 1637 XL
2386 1575 2584 1656 pullis
2633 1575 2809 1637 XIII
2859 1583 3022 1637 scot.
3073 1574 3172 1635 III
3221 1584 3434 1656 quart.
3482 1593 3606 1654 pro

404 1680 468 1741 ΙΙ
519 1680 781 1763 sugillis
830 1680 931 1743 III
979 1702 1079 1765 gr.
1127 1702 1249 1763 pro
1296 1682 1468 1744 VIII
1514 1682 1895 1763 pardicibus
1948 1682 2007 1744 V
2056 1704 2156 1766 gr.
2204 1704 2327 1763 pro
2398 1682 2496 1744 III
2543 1683 2884 1763 leporibus
2932 1680 3004 1743 X
3071 1702 3170 1765 gr.
3220 1688 3435 1763 quart.
3482 1700 3606 1762 pro

404 1788 617 1849 caseis
667 1786 731 1849 II
780 1798 941 1851 scot.
990 1788 1133 1851 XII
1180 1790 1329 1852 den.
1394 1810 1515 1871 pro
1562 1790 1785 1853 butiro
1832 1789 1969 1852 IIII
2017 1800 2177 1853 scot.
2244 1810 2368 1870 pro
2433 1789 2487 1852 C
2534 1790 2681 1852 ouis
2746 1788 2810 1849 V
2871 1809 2969 1871 gr.
3017 1810 3140 1870 pro
3207 1788 3273 1850 II
3338 1787 3608 1851 talentis

406 1915 651 1956 manne
698 1895 763 1954 V
811 1906 1025 1977 quart.
1090 1917 1212 1977 pro
1276 1899 1449 1959 lacte
1515 1908 1582 1959 et
1647 1918 1871 1959 crema
1940 1896 2125 1981 III'J2
2196 1918 2295 1981 gr.
2361 1918 2484 1979 pro
2551 1896 2580 1957 I
2648 1898 2854 1959 choro
2919 1895 3042 1977 pisi
3107 1895 3173 1956 V
3223 1916 3320 1978 gr.
3387 1914 3510 1976 pro
3576 1894 3607 1955 I

408 2003 615 2065 choro
662 2002 861 2085 mileij
910 2002 1043 2066 VII
1096 2025 1193 2088 gr.
1242 2025 1365 2086 pro
1412 2005 1635 2086 rappis
1684 2004 1783 2066 Ill
1832 2026 1931 2089 gr.
1980 2026 2102 2086 pro
2151 2004 2179 2066 Ι
2230 2006 2437 2067 choro
2485 2004 2666 2085 cepis
2716 2006 2788 2083 (s)
2838 2003 2902 2064 Il
2951 2015 3112 2065 scot.
3165 1999 3244 2086 ¹s2
3295 2022 3394 2085 gr.

621 2110 734 2173 Ad
781 2111 1292 2173 distribuciones
1340 2111 1907 2193 infrascriptorum
1958 2122 2024 2175 et
2069 2113 2287 2193 primo
2335 2112 2608 2173 domino
2657 2110 3006 2192 capitaneo
3055 2109 3484 2173 Cracouiensi
3521 2110 3608 2171 ad

404 2217 795 2297 prandium:
842 2239 965 2299 pro
1012 2239 1219 2299 porco
1265 2220 1334 2281 X
1386 2231 1549 2282 scot.
1597 2240 1719 2301 pro
1767 2221 1831 2282 II
1881 2221 2066 2282 aucis
2114 2220 2178 2281 II
2230 2240 2330 2303 gr.
2377 2240 2500 2301 pro
2549 2218 2690 2281 XII
2741 2219 2940 2299 pullis
2989 2218 3098 2279 IX
3137 2238 3237 2301 gr.
3275 2217 3436 2279 item
3475 2214 3606 2278 alia

404 2325 673 2405 propria
720 2334 787 2389 et
834 2326 963 2387 alia
1008 2326 1191 2407 prius
1238 2339 1465 2409 empta
1511 2349 1551 2388 a
1600 2328 1927 2410 magistro
1973 2328 2276 2409 coquine.

620 2432 739 2493 Ad
786 2433 1296 2495 distribuciones
1344 2436 1614 2497 domine
1663 2435 1913 2496 domini
1962 2435 2288 2515 capitanei
2350 2434 2582 2498 uxoris
2631 2444 2698 2497 et
2744 2433 2995 2495 domini
3045 2432 3408 2496 Kelczonis
3457 2451 3608 2493 nec-

404 2562 537 2602 non
588 2540 682 2601 Al
709 2590 721 2603 .
746 2590 756 2602 .
784 2590 831 2603 ..
879 2542 1222 2603 castellani
1271 2540 1691 2604 Vt'islicensis
1738 2544 1825 2604 ad
1873 2553 2081 2604 totam
2133 2543 2308 2604 diem
2360 2563 2511 2604 cum
2554 2562 2786 2603 eorum
2825 2538 3106 2603 familia:
3153 2559 3276 2622 pro
3315 2538 3606 2601 XXIIII

404 2648 603 2729 pullis
650 2646 751 2708 Vl
800 2660 962 2710 scot.
1012 2649 1111 2709 111
1160 2660 1373 2730 quart.
1423 2660 1490 2711 et
1537 2650 1665 2711 alia
1710 2650 1893 2730 prius
1942 2660 2169 2731 empta
2208 2661 2275 2712 et
2314 2649 2442 2711 alia
2479 2648 2747 2729 propria
2785 2649 2870 2710 de
2911 2648 3198 2729 coquina
3233 2656 3393 2709 sunt
3431 2647 3606 2707 data.

622 2754 739 2816 Ad
788 2776 1023 2817 cenam
1072 2756 1341 2817 domine
1390 2756 1697 2840 Regine:
1752 2776 1877 2837 pro
1922 2776 2167 2837 pecore
2216 2756 2358 2817 XII
2405 2766 2568 2818 scot.
2616 2776 2740 2836 pro
2788 2755 2818 2817 Ι
2865 2776 3071 2837 porco
3119 2754 3225 2816 XI
3275 2764 3438 2817 scot.
3486 2771 3609 2834 pro

408 2862 539 2924 XL
585 2862 785 2943 pullis
832 2861 1062 2947 XII¹J2
1113 2875 1273 2927 scot.
1322 2884 1444 2945 pro
1491 2874 1644 2926 octo
1692 2863 2072 2945 pardicibus
2121 2864 2183 2923 V
2226 2884 2326 2947 gr.
2365 2884 2488 2944 pro
2529 2863 2591 2924 ΙΙ
2631 2863 2970 2943 leporibus
3009 2861 3144 2924 VII
3186 2882 3286 2944 gr.
3327 2862 3355 2922 I
3395 2868 3609 2943 quart.

406 2991 530 3053 pro
578 2968 643 3031 II
692 2970 954 3055 sugillis
1003 2971 1103 3032 III
1151 2992 1251 3055 gr.
1298 2992 1420 3052 pro
1471 2971 1566 3033 VI
1617 2972 1827 3033 caseis
1889 2970 1951 3031 II
2001 2991 2099 3054 gr.
2148 2991 2271 3051 pro
2323 2971 2451 3032 LX
2519 2971 2664 3032 ouis
2711 2970 2776 3029 V
2823 2982 3038 3053 quart.
3103 2989 3226 3051 pro
3273 2968 3496 3031 butiro
3543 2966 3610 3031 II

408 3087 569 3140 scot.
619 3078 648 3139 I
697 3089 911 3159 quart.
978 3098 1101 3159 pro
1166 3078 1433 3141 talentis
1499 3100 1745 3140 manne
1810 3078 1875 3139 V
1924 3090 2138 3160 quart.
2204 3099 2327 3161 pro
2373 3080 2547 3141 lacte
2606 3078 2671 3137 V
2719 3088 2932 3159 quart.
2981 3097 3104 3158 pro
3151 3076 3382 3157 sinape
3429 3075 3460 3137 I
3509 3095 3610 3159 gr.

409 3185 525 3247 Ad
573 3185 1083 3247 distribuciones
1140 3186 1328 3267 equis
1394 3186 1662 3248 domine
1720 3186 2002 3269 Regino
2050 3186 2305 3248 XXVI
2353 3206 2559 3248 mens.
2609 3205 2840 3247 auene.
2933 3184 3051 3246 Ad
3097 3182 3610 3245 distribuciones

408 3292 657 3354 domini
706 3292 1033 3373 capitanei
1082 3292 1328 3355 XVIII
1380 3314 1587 3356 mens.
1636 3316 1850 3356 auene
1898 3305 1965 3357 et
2012 3294 2559 3357 fenum-fuerunt
2605 3294 2887 3375 propria.

620 3400 739 3462 Ad
787 3411 995 3463 totam
1046 3402 1221 3463 diem
1270 3401 1544 3463 domino
1590 3403 2005 3483 procuratori
2062 3414 2131 3465 et
2178 3400 2738 3483 viceprocuratori
2805 3421 2956 3464 cum
3007 3398 3288 3462 familia:
3355 3418 3610 3472 carnes

407 3509 644 3589 pisum,
692 3508 983 3577 mileum,
1030 3510 1258 3572 caules
1305 3520 1372 3571 et
1420 3510 1701 3571 ceruisia
1746 3510 1930 3591 prius
1996 3520 2239 3591 empta,
2305 3510 2497 3591 panis
2545 3520 2612 3572 et
2657 3509 2788 3573 alia
2853 3508 3078 3570 omnia
3141 3507 3414 3569 fuerunt
3459 3527 3610 3587 pro-

407 3615 567 3695 pria.
612 3615 825 3697 Equis
873 3615 936 3676 Il
986 3636 1298 3678 mensure
1346 3638 1576 3678 auene.
1626 3617 1877 3680 Iterum
1928 3638 2063 3679 una
2100 3638 2310 3698 perna
2347 3618 2645 3679 carnium
2685 3616 3108 3698 porcinarum
3147 3615 3331 3696 prius
3368 3624 3608 3695 empta.

410 3722 542 3781 Pro
587 3742 761 3802 pane
810 3722 895 3783 ad
942 3722 1308 3784 stacionem
1358 3725 1797 3805 prescriptam
1851 3725 1918 3785 X
1970 3724 2250 3808 siliginis
2298 3734 2366 3787 et
2414 3725 2478 3786 II
2530 3724 2724 3787 tritici
2773 3742 3102 3786 mensure.

622 3830 905 3891 Summa
952 3828 1101 3912 dieij
1152 3830 1216 3889 V
1266 3851 1464 3893 marc.
1515 3831 1769 3893 XXIII
1818 3842 1979 3894 scot.
2022 3832 2159 3893 XII
2188 3833 2362 3895 ·den.
2411 3853 2626 3893 auene
2673 3829 2910 3893 XLVI
2960 3840 3334 3893 mensure·

627 3936 819 3997 Feria
884 3937 1089 3999 tercia
1154 3938 1291 4017 (12s
1304 3940 1354 4017 1)
1420 3939 1507 3999 ad
1573 3949 1784 4000 totam
1853 3938 2027 4001 diem
2096 3939 2370 4001 domino
2435 3938 2850 4019 procuratori
2917 3947 2984 4000 et
3047 3935 3643 4018 viceprocuratori.

408 4064 559 4104 cum
609 4042 893 4106 familia:
942 4065 1077 4107 una
1121 4065 1332 4125 perna
1388 4045 1707 4117 carnium,
1798 4045 1957 4107 item
2008 4045 2140 4107 IIII
2209 4046 2374 4126 pulli
2422 4057 2491 4107 et
2538 4065 2712 4108 unus
2758 4045 3064 4128 sigillus,
3111 4044 3268 4107 item
3320 4064 3612 4110 caseum.

406 4150 701 4212 butirum
750 4150 1017 4232 propria
1064 4162 1220 4213 sunt
1267 4154 1425 4215 data
1471 4153 1855 4215 vectoribus
1902 4164 2177 4233 propter
2222 4153 2640 4215 libacionem.
2689 4153 2822 4213 Pro
2861 4172 2998 4215 uno
3037 4151 3284 4214 octuali
3331 4150 3609 4212 ceruisie

408 4276 559 4318 cum
610 4258 941 4321 szrotariis
988 4257 1159 4320 VIII
1208 4270 1369 4321 scot.
1464 4260 1597 4321 Pro
1642 4260 1917 4322 domina
1967 4260 2239 4344 Regina
2287 4281 2586 4341 expense
2635 4260 3186 4322 ministrabantur
3230 4260 3315 4321 de
3362 4257 3612 4339 zuppis.

408 4362 619 4446 Equis
666 4364 731 4425 Il
782 4386 987 4427 mens.
1037 4387 1267 4429 auene.
1862 4346 1869 4353 ¹

623 4472 907 4533 Summa
952 4472 1103 4555 dieij
1152 4473 1324 4537 VIII
1373 4486 1534 4537 scot.
1584 4496 1798 4537 auene
1848 4475 1913 4536 II
1963 4495 2292 4537 mensure.

624 4578 819 4641 Feria
864 4589 1105 4661 quarta
1152 4584 1353 4663 (13J1)
1403 4583 1677 4644 domino
1722 4583 2138 4664 procuratori
2188 4592 2256 4645 et
2303 4582 2868 4664 viceprocuratori
2917 4602 3068 4644 curn
3117 4580 3401 4645 familia:
3449 4582 3608 4643 item

407 4685 641 4765 pisces,
690 4686 981 4759 mileum,
1027 4688 1344 4760 butirum,
1392 4710 1681 4763 caseum,
1729 4711 1860 4752 oua
1906 4690 2192 4771 propria.
2248 4710 2372 4771 pro
2420 4688 2733 4772 anguillis
2782 4689 2975 4751 salsis
3023 4690 3088 4751 II
3137 4698 3299 4752 scot.
3345 4710 3468 4771 pro
3513 4700 3610 4752 ta·

406 4794 592 4855 lento
639 4794 884 4874 piperis
933 4806 1001 4857 et
1048 4794 1183 4857 loth
1232 4795 1536 4859 szafrano
1589 4797 1685 4858 VI
1734 4809 1896 4860 scot.

624 4900 755 4961 Pro
803 4902 1073 4963 domina
1120 4904 1397 4987 Regina
1443 4926 1743 4985 expense
1791 4906 1875 4967 de
1923 4906 2155 4986 zuppis
2202 4905 2498 4987 zupparij
2549 4905 3098 4967 ministrabantur
3146 4908 3235 4983 (s).

622 5008 755 5069 Pro
803 5010 1129 5071 unccione
1194 5032 1429 5073 currus
1496 5013 1764 5074 domine
1834 5012 2107 5095 Regine
2162 5008 2238 5095 ¹s2
2288 5013 2458 5093 lapis
2505 5011 2644 5092 sepi
2695 5023 2797 5074 est
2842 5013 3040 5075 datus
3087 5032 3290 5092 super
3336 5032 3610 5093 appara-

407 5126 553 5179 tum
600 5116 723 5178 die.
770 5116 983 5198 Equis
1033 5117 1097 5179 11
1147 5139 1457 5180 mensure
1506 5140 1737 5182 auene.

622 5223 905 5285 Summa
951 5224 1101 5306 dieij
1151 5225 1321 5288 Vlll
1370 5236 1532 5288 scot.
1582 5249 1797 5289 auene
1851 5228 1903 5289 ΙΙ
1962 5248 2289 5290 mensure.

624 5331 819 5392 Feria
865 5333 1097 5413 quinta
1146 5336 1345 5415 (14J1)
1395 5335 1667 5395 domina
1719 5336 1991 5417 Regina
2037 5338 2121 5397 ad
2170 5337 2524 5415 prandium
2575 5336 2638 5397 in
2681 5334 3050 5398 Bothurzt‘n
3088 5338 3172 5398 ad
3213 5336 3608 5420 magistrum

410 5439 694 5519 coquine.
742 5440 827 5501 de
876 5438 1300 5521 Nepolomice
1344 5442 1672 5522 processit
1738 5452 1803 5502 et
1860 5442 2000 5503 istis
2066 5444 2334 5504 (luobus
2400 5444 2638 5505 diebus
2705 5444 3014 5524 proxime
3080 5443 3613 5525 precedentibuS,

410 5545 719 5607 videlicet
766 5546 927 5607 feria
976 5548 1179 5608 tercia
1228 5560 1293 5609 et
1340 5560 1581 5631 quarta
1628 5548 1920 5631 zupparij
1991 5551 2075 5610 de
2122 5548 2402 5613 Boclma
2468 5571 2838 5633 expensam
2907 5550 3392 5623 ministrabant,
3457 5550 3614 5632 quia

411 5654 721 5715 dominus
768 5668 1162 5733 procurator
1210 5676 1341 5716 non
1390 5658 1685 5717 habebat
1736 5676 1940 5717 unum
1992 5656 2382 5721 ministrare.
